2931 4012
570 449 640 481 ⁴88

619 524 689 559 828
700 550 711 566 ,
729 523 771 558 31
791 522 921 569 ἐνιαχοῦ
936 519 1086 554 sortasse
1101 518 1255 565 scripsit.
1271 520 1380 552 Dum.

619 578 707 622 832,
725 577 769 612 36
787 574 867 611 ‘on
882 587 952 609 om.
967 577 1008 610 R.

620 630 690 665 833
728 630 784 664 hic
800 632 935 672 om.V.,
949 628 1007 663 illa
1022 634 1137 663 autem
1148 652 1158 667 ‚
1175 625 1335 668 Μῆδος-
1348 624 1503 672 μάχιμος,

570 685 660 720 infra
681 692 758 732 post
780 682 875 718 αὐτὸν
895 681 1052 729 μετέὸαλε
1067 682 1089 716 l.
1116 680 1162 715 50
1180 679 1304 724 habet,
1324 680 1454 714 omisso
1472 677 1505 713 δὲ

570 747 649 787 post
667 737 795 787 Ἄρεως.

619 793 708 836 835,
729 797 771 836 47
791 790 852 827 ὑπὸ
865 789 932 839 Ἄρ.
951 793 1011 832 R„
1031 801 1074 825 ex
1092 801 1165 836 qno
1183 789 1229 824 50
1246 801 1298 836 sq.
1317 790 1457 824 τοιοῦτον
1471 794 1506 823 et

578 847 794 896 ὒς-φυλακῆς
811 845 941 880 addita.

620 901 690 934 836
705 900 845 946 Δίδυμος
860 911 929 933 om.
942 901 970 932 V
975 925 996 942 .‚
1014 898 1074 945 qui
1089 898 1157 941 sic,
1168 896 1217 933 Τὸ
1229 895 1290 946 γὰρ
1305 895 1505 946 Πελαργικὸν

572 977 607 986 -
617 953 751 994 νεοττός.
767 952 844 1002 φασὶ
855 952 1065 988 ’τὸ-κεῖσθαι.
1080 972 1129 979 --
1144 952 1177 995 5,
1191 952 1225 987 6.
1245 954 1358 986 Locus
1373 963 1443 986 nou
1455 958 1506 986 cst

570 1009 713 1055 integer.
728 1010 816 1042 Nam
832 1014 910 1054 post
922 1005 1080 1055 πελαργὸν
1093 1005 1240 1041 verbum
1256 1005 1398 1052 aliquod
1414 1005 1506 1040 desi-

570 1065 714 1098 den-atur
728 1061 782 1095 vel
798 1058 979 1109 παρέλαΰεν
998 1060 1052 1095 ν(·Ι
1076 1058 1282 1108 παρείληφεν,
1303 1060 1340 1094 in
1356 1072 1506 1106 sequen—

575 1116 666 1151 tibus
681 1124 796 1150 autem
814 1114 867 1149 vel
884 1113 1043 1163 Περσικὸν
1064 1114 1100 1148 in
1118 1112 1295 1161 Περσικὸς,
1316 1113 1369 1148 vel
1384 1112 1508 1152 νεοττός

571 1176 607 1210 in
626 1168 751 1206 νεοττόν
773 1168 990 1205 mutandum.
1008 1171 1116 1203 Dum.

620 1225 712 1271 839,
732 1237 744 1259 ι
757 1237 768 1258 1
786 1224 888 1266 πηλὸν
905 1222 1049 1271 ὀργάζειν
1070 1223 1257 1257 Ruhnken.
1278 1221 1320 1257 ad
1335 1222 1505 1257 Timacum

571 1292 604 1327 p.
625 1279 702 1314 180.
716 1277 915 1325 Legebatur
929 1277 1030 1319 πηλὸς
1047 1276 1213 1325 ὀργιάζειν.

619 1335 703 1377 841,
726 1335 766 1367 15
794 1344 844 1378 sq.
863 1329 1098 1380 ἵνα-φυλακῆς
1115 1338 1193 1378 post
1210 1329 1311 1366 καίειν
1335 1331 1437 1378 ponit
1452 1334 1506 1374 V.‚

572 1388 713 1435 praelixo
730 1386 845 1426 ἄλλως.

621 1443 703 1482 842,
724 1441 765 1474 18
787 1441 815 1474 οἱ
838 1437 895 1478 τὰς
915 1438 1040 1473 Suidas
1056 1451 1081 1471 s.
1100 1437 1356 1487 Κωδωνοιρορῶν.
1377 1437 1509 1473 Aberat

572 1497 612 1529 οἱ.
631 1519 676 1525 .-
702 1506 746 1527 20
763 1492 819 1528 καὶ
838 1492 967 1532 τούτους
979 1492 1115 1541 ἐψόφουν
1139 1492 1274 1527 Suidas.
1300 1518 1345 1523 —
1365 1505 1406 1527 αι
1428 1494 1507 1527 ἀνα-

572 1545 772 1594 φθέγγωνται
791 1548 830 1579 V.
857 1547 938 1579 Post
959 1543 1227 1591 ἀντιφθέγγωνται
1250 1543 1347 1578 addit
1372 1548 1410 1577 R.
1430 1543 1508 1593 ὅπερ

573 1598 753 1645 ἐθεασάμην
772 1597 885 1635 καύτὸς
903 1597 1004 1643 ἔγωγε
1029 1597 1061 1631 ἐν
1089 1598 1129 1643 τῇ
1153 1598 1215 1643 ἐμῇ
1240 1597 1370 1645 πατρίδι
1393 1597 1509 1633 τελού-

574 1666 679 1699 μενον.
697 1655 754 1686 Est
769 1652 902 1686 librarii
916 1650 1206 1685 additamentum.
1220 1672 1255 1678 —
1269 1663 1312 1684 22
1330 1650 1509 1697 legebatur

578 1705 764 1754 Εὐριπίδην.
780 1726 823 1730 -
840 1706 884 1738 23
901 1702 1087 1751 δεδεγμένον
1102 1706 1143 1738 V.

623 1761 692 1799 846
718 1756 848 1798 Παίζων
877 1758 973 1806 φησὶν
996 1751 1082 1793 εἶπεν
1101 1758 1187 1806 αὐτῷ
1203 1757 1280 1806 παρ’
1297 1757 1356 1804 ἐμέ
1374 1760 1413 1793 R.
1432 1759 1509 1808 φησὶ

573 1815 664 1848 τοῦτο
676 1815 720 1848 V.

623 1868 692 1902 852
711 1865 878 1914 παρῄνεσα
892 1868 934 1900 R.
948 1867 987 1900 V.
1011 1865 1176 1900 Scholion
1194 1877 1264 1900 om.
1282 1869 1323 1901 G.

622 1921 691 1955 853
706 1948 714 1963 ,
735 1921 778 1960 45
803 1918 902 1959 οὕτως
920 1918 1026 1966 ἔλεγον
1056 1921 1096 1954 R.
1123 1942 1162 1950 —
1186 1921 1232 1961 46
1254 1917 1386 1967 πομπὰς
1404 1921 1509 1956 etiam

574 1973 697 2010 Suidas
723 1986 751 2008 s.
783 1973 956 2022 ΙΙροσόδια.
981 1972 1089 2013 θυσίας
1109 1973 1186 2009 Ald.
1217 1999 1264 2005 —-
1291 1980 1333 2018 47
1356 1975 1510 2024 προσόδια

574 2041 642 2064 om.
659 2032 698 2064 R.
716 2051 754 2058 -
770 2030 815 2068 48
831 2033 894 2067 τοῖς
908 2028 1048 2077 λυρικοῖς
1063 2031 1106 2063 V.

621 2084 705 2127 857,
727 2089 773 2129 49
794 2084 853 2132 βοᾷ
870 2084 888 2116 ὁ
904 2085 946 2117 R.
968 2082 1063 2131 χοαὶ,
1086 2081 1226 2126 αὐλητὴς
1243 2082 1368 2132 εἴρηται
1389 2084 1459 2133 (εἴρ.
1477 2085 1510 2121 δὲ

573 2136 626 2173 καὶ
650 2137 710 2184 V.)
739 2134 788 2171 ὅτι
817 2136 870 2170 καὶ
899 2136 951 2171 ἐπὶ
976 2142 1046 2175 ταῖς
1073 2136 1193 2177 Θυσίαις
1221 2137 1336 2179 ηὔλουν
1362 2142 1404 2173 V.
1431 2140 1509 2174 Ald.

572 2193 686 2225 Locus
715 2190 771 2224 hic
798 2190 979 2224 emendari
1008 2197 1125 2237 potest
1152 2203 1194 2225 ex
1224 2192 1368 2227 scholiis
1399 2194 1510 2228 inter-

573 2243 765 2278 linearibus
783 2242 913 2278 codicis
932 2246 1007 2278 Vnt.
1030 2247 1069 2288 U,
1089 2245 1123 2278 in
1145 2244 1274 2291 quibus
1292 2247 1341 2280 sic
1357 2247 1483 2294 legitur
1500 2262 1508 2282 :

573 2296 694 2335 Πυθιὰς
721 2296 791 2345 βοή.
818 2298 888 2331 ἀντὶ
915 2300 971 2331 τοῦ
995 2296 1144 2340 αὐλητής.
1164 2298 1281 2342 ηὔλουν
1303 2299 1365 2349 γὰρ
1388 2303 1420 2337 ἐν
1442 2307 1513 2343 ταῖς

572 2351 704 2392 θυσίαις.
721 2353 829 2386 Rus-r.
848 2376 896 2382 —-
914 2351 959 2385 5ο
974 2350 1097 2391 Ἄλλως
1111 2364 1180 2387 om.
1199 2356 1240 2388 R.
1262 2355 1356 2390 αὐλοῦ
1372 2359 1511 2392 Portus.

572 2405 684 2444 αὐτοὺς
707 2409 744 2440 R.
762 2409 802 2441 V.
821 2405 899 2441 Ald.
918 2429 956 2436 —
981 2405 1022 2439 51
1043 2406 1263 2442 scribebatur
1277 2409 1447 2453 πυθαυλὴς.
1467 2432 1512 2438 --

573 2460 617 2494 52
633 2458 865 2504 καὶ-Πηλέως
880 2460 938 2495 hic
956 2473 1024 2495 om.
1050 2464 1090 2496 R.
1103 2465 1160 2506 V.‚
1183 2464 1243 2498 sed
1259 2476 1363 2511 supra
1381 2465 1511 2501 habeut

570 2516 626 2550 τοῦ
640 2520 773 2554 παιᾶνος
791 2516 944 2563 (παιῶνος
957 2514 1020 2563 V.)
1032 2515 1127 2556 εἰκός.
1142 2517 1185 2557 ὡς
1201 2518 1256 2565 (ὡς
1267 2530 1336 2553 om.
1351 2520 1407 2565 R.)
1420 2523 1512 2555 τοῦτο

573 2569 610 2603 ἐκ
626 2570 669 2605 Π.

621 2622 713 2666 858,
732 2635 752 2657 2
770 2613 919 2667 αὐλητὴς.
946 2624 1060 2674 Χαῖρις
1080 2624 1253 2675 κιθαρῳδός
1269 2629 1312 2662 R.
1331 2630 1372 2663 V.
1393 2648 1437 2654 --
1456 2634 1475 2669 4
1495 2630 1511 2663 ὁ

572 2675 708 2709 addidit
746 2678 971 2723 Musgravius
1006 2678 1099 2726 apud
1144 2682 1287 2715 Por-son.
1320 2681 1364 2716 ad
1396 2685 1510 2729 Toup.

571 2728 720 2764 Emcntl.
741 2730 807 2764 vol.
836 2737 855 2772 4
870 2758 878 2774 ,
920 2745 940 2766 ›.
970 2733 1050 2773 48ι.
1072 2732 1154 2780 μετὰ
1182 2735 1316 2778 Μελητα
1343 2740 1355 2777 (
1365 2736 1512 2778 Μελητος

573 2782 698 2817 Snidas
718 2795 744 2817 s.
766 2784 893 2832 Χαῖρις)
908 2744 962 2828 Ιῆν,
978 2784 1027 2833 ἔχ’
1046 2786 1197 2835 ἀτρέμας.
1219 2788 1265 2835 ἐγ’
1282 2782 1350 2824 ὧδα
1368 2793 1409 2825 V.
1436 2791 1509 2826 Ald.

573 2836 737 2870 Correxit
769 2839 959 2872 Pon-sonus.
994 2840 1167 2876 Dobraeus
1178 2869 1188 2885 ,
1213 2854 1316 2887 quem
1353 2845 1512 2890 sequitur

572 2890 722 2925 Mcinvk.
761 2892 859 2924 Com.
877 2895 893 2925 I
906 2918 917 2935 ‚
939 2905 973 2939 p.
994 2894 1077 2937 257,
1097 2894 1179 2941 μετὰ
1196 2895 1251 2930 τὸν
1273 2895 1407 2941 Μέλητα
1425 2898 1454 2933 δ’
1470 2895 1510 2943 ἦν

570 2942 665 2990 -ἔχ’
681 2951 761 2988 etc„
780 2956 858 2989 quae
871 2953 952 2978 sunt
966 2945 1110 2982 alterius
1129 2960 1300 2995 personae.

622 2997 693 3044 859
704 3024 714 3040 ‚
733 3011 755 3044 9
773 2997 908 3034 εἰσθέσει
924 2999 1003 3034 Ald.

621 3052 707 3098 861,
724 3053 766 3086 16
780 3066 826 3100 τῳ
844 3051 946 3101 βίὸλῳ
960 3056 1011 3098 V.‚
1024 3055 1085 3100 qui
1103 3067 1142 3098 17
1158 3057 1214 3098 τῆς
1227 3070 1254 3092 ει
1270 3070 1340 3094 om,

621 3106 708 3148 864,
726 3107 770 3141 28
787 3107 921 3141 εἷσθέσει
936 3107 1011 3142 Ald.

622 3161 710 3204 865,
730 3162 774 3196 32
791 3161 877 3209 ἔμιξε
891 3161 922 3196 δὲ
939 3162 993 3197 καὶ
1005 3162 1044 3198 τὰ
1059 3163 1111 3199 ἐπὶ
1126 3165 1189 3200 τῶν
1206 3167 1284 3201 θεῶν
1300 3170 1341 3202 R.
1355 3171 1397 3203 V.

623 3215 705 3258 873,
720 3221 759 3257 4¹
777 3218 875 3266 Παρὰ
887 3220 950 3253 τῶν
963 3220 1076 3268 φωνῶν
1089 3223 1131 3254 V.
1145 3242 1181 3250 .-
1195 3222 1238 3261 43
1252 3221 1297 3261 τίς
1310 3224 1329 3264 ἡ
1344 3235 1412 3258 om.
1426 3225 1505 3261 ΑΜ.

572 3288 621 3321 7—-
634 3271 679 3309 45
694 3269 875 3317 legebatur
886 3272 969 3322 ἱερὸν
986 3274 1083 3316 αὐτῆς
1097 3274 1158 3324 ἱὸρ.
1171 3296 1210 3305 -
1223 3280 1265 3318 47
1281 3276 1455 3328 ἀμαράνθῳ
1466 3283 1507 3315 V.

573 3322 724 3372 ἀμαρέθῳ
741 3327 783 3360 G.
795 3348 834 3355 —-
847 3327 893 3367 48
914 3329 979 3363 ἐκεῖ
1000 3328 1089 3377 κριὸν
1107 3329 1290 3365 Dobraeus.
1317 3332 1509 3377 legebatur

574 3377 611 3412 ἐκ
631 3379 688 3413 τοῦ
709 3381 820 3426 κηροῦ.
832 3402 871 3411 -
883 3381 929 3417 50
947 3386 1006 3426 τὴν
1022 3381 1225 3432 ὡγαμέμνων
1243 3386 1428 3422 Bentleius.
1442 3392 1508 3425 Lc-

1252 432 1530 472 AnNo‘rATm
1555 432 1604 469 IN
1631 432 1794 469 seflol..

1561 514 1711 561 gebatur
1727 513 1814 563 τήνῳ
1829 512 2146 561 Ἆγαμέμνων.-5ι
2165 510 2519 561 λείτωυραΜὰ-ὄα

1562 566 1783 603 scribebatur
1805 567 2039 617 Μυριννούσιοι.
2062 590 2101 598 --
2130 580 2145 602 1
2174 569 2352 616 Πειραιεῖς
2379 568 2520 602 Portus.

1560 621 1760 668 Legebatm·
1783 627 1879 671 πεῖρα
1896 621 1961 658 ἐπὶ.
1982 620 2036 657 ἐπὶ
2055 622 2196 670 (ortum
2217 633 2268 658 ex
2287 619 2437 668 syllaba
2455 622 2521 668 ει-ς)

1561 673 1691 710 delevit
1712 676 1894 711 Meursius.
1913 672 2070 712 Φιλαΐδαι
2099 675 2354 711 Hemsterhus.
2379 674 2428 710 ad
2442 675 2521 710 Pol-

1561 728 1675 764 lucem
1704 742 1745 775 9,
1777 734 1833 773 74.
1858 728 2017 766 Φιλιάται
2046 729 2125 765 Ald.
2157 730 2322 778 φιλαύτης
2351 731 2402 765 V.
2431 728 2520 765 lbid.

1562 782 1768 831 Βραυρωνίαν
1783 786 1826 818 V.
1841 783 2047 833 Βραυνωνίαν
2072 787 2116 819 G.
2145 783 2362 833 Φαυρωνίαν
2390 784 2522 819 ΔΜ.-

1564 838 1584 872 3
1599 851 1695 887 φασιν
1708 836 1796 887 Ἀρτ.
1812 838 1921 888 ὄρνιθα
1940 839 2013 874 καλ.
2033 837 2103 874 ἔστι
2114 838 2179 888 γὰρ
2193 838 2475 888 ᾶρτεμικολιιινίς
2485 842 2523 875 V.

1561 914 1599 920 -
1614 893 1634 928 5
1650 890 1692 928 ‘H
1707 892 1791 928 κύων
1803 896 1968 929 om.V.—
1979 907 1997 938 7
2013 892 2093 929 κύνα
2105 906 2163 942 πρ.
2177 893 2260 929 Ald.
2273 893 2523 943 προσαγόρευον

1561 949 1604 980 V.
1622 945 1856 995 προσηγόρευον
1875 950 1917 983 G.
1933 970 1972 978 —
1988 948 2011 982 8
2024 945 2074 983 ἔτι
2088 960 2158 983 om.
2169 950 2212 983 V.
2234 947 2335 992 Ald„
2357 948 2426 995 qni
2442 948 2522 983 ἐπει-

1561 1001 1700 1048 γομένην
1717 1024 1756 1031 -
1772 1002 1902 1038 τίκτειν.
1929 1002 2065 1038 Deinde
2082 1002 2137 1038 καὶ
2155 1014 2229 1039 om.
2245 1005 2292 1038 V.

1613 1055 1704 1099 874,
1737 1057 1779 1091 18
1805 1055 1940 1092 εἰσθέσει
1971 1056 2049 1093 Ald.
2076 1078 2114 1087 -
2138 1068 2182 1091 αα
2215 1058 2235 1092 ὁ
2260 1056 2369 1097 αὐτὸς
2394 1056 2465 1097 θεὸς
2481 1059 2521 1092 V.

1562 1108 1790 1157 ῚΙρακλειίνι-ης
1807 1117 1860 1146 est
1876 1111 2051 1158 Nymphis
2062 1138 2073 1156 ,
2091 1109 2192 1158 cujus
2215 1111 2405 1147 tredecim
2422 1111 2522 1147 fuisse

1563 1162 1637 1212 περὶ
1655 1162 1847 1213 Ἡρακλείας
1873 1164 1983 1200 libros
2009 1172 2146 1200 constat
2164 1177 2212 1200 ex
2230 1164 2363 1202 suida.
2385 1168 2521 1213 Harpo-

1562 1218 1692 1262 cratin,
1710 1218 1882 1255 Σαὸοί-οἱ
1900 1218 1959 1266 μὲν
1974 1218 2103 1260 Σαὸοὺς
2125 1217 2282 1268 λέγεσθαι
2311 1218 2396 1260 τοὺς
2415 1221 2522 1256 τελου-

1564 1270 1677 1318 μένους
1693 1274 1740 1321 «esf»
1761 1272 1931 1322 Σαὸαζίῳ,
1948 1272 2093 1309 τουτέστι
2106 1275 2153 1321 τῷ
2174 1272 2338 1322 Διονύσῳ
2349 1300 2361 1318 ,
2381 1273 2521 1323 καθάπερ

1563 1324 1636 1366 τοὺς
1646 1327 1693 1375 τῷ
1708 1326 1829 1376 Βάκχῳ
1844 1326 1998 1374 Βάκχους.
2016 1325 2071 1362 τὸν
2086 1325 2121 1362 δὲ
2135 1326 2235 1362 αὐτὸν
2251 1321 2346 1363 εἶναι
2360 1327 2519 1370 &flamm

1564 1379 1620 1415 καὶ
1642 1379 1794 1415 Διόνυσόν
1817 1393 1912 1430 φασιν
1938 1381 2028 1416 ἄλλοι
2046 1394 2082 1416 τε
2104 1379 2158 1416 καὶ
2183 1380 2369 1431 Ἀμφίθεος
2390 1382 2521 1434 δευτέρῳ

1563 1431 1637 1480 περὶ
1650 1431 1843 1482 Ἡρακλείας
1853 1447 1861 1455 ·
1883 1433 1943 1469 nbi
1958 1434 2129 1470 librorum
2144 1435 2349 1472 varietates
2364 1445 2450 1473 sunt
2464 1440 2521 1484 ἀμ-

1565 1485 1698 1536 φιέλεος,
1711 1486 1893 1536 ἀμφιελέος,
1906 1486 2095 1537 ἀμφιέλεως,
2108 1498 2308 1538 corruptae,
2320 1499 2364 1527 ut
2378 1491 2521 1537 videtur,

1565 1552 1609 1575 ex
1636 1541 1774 1591 Νύμφις.
1803 1545 1871 1577 Pro
1898 1541 1928 1590 β’
1958 1543 2181 1579 scribebatur
2210 1544 2267 1580 ιδ’.
2303 1548 2459 1583 Con-rexi
2482 1560 2518 1583 ex

1565 1597 1856 1643 Harpocratione.
1882 1600 2005 1643 Neque
2024 1598 2117 1633 enim
2141 1598 2343 1646 probabile
2359 1609 2416 1637 est
2433 1603 2518 1638 cin-ca

1565 1650 1668 1685 linem
1682 1649 1822 1685 demum
1836 1651 1953 1698 operis
1965 1649 2084 1686 dehac
2098 1663 2137 1687 re
2151 1652 2296 1689 dictum
2311 1666 2404 1691 esse.
2418 1657 2516 1691 Dm».

1565 1725 1613 1730 —
1638 1709 1681 1746 24
1706 1703 1890 1751 legebatur
1909 1704 2183 1753 συλλογιζόμενος.
2210 1729 2249 1737 --
2276 1710 2327 1744 26
2353 1709 2465 1746 Θίασον
2479 1713 2516 1746 V.

1565 1776 1614 1785 —
1633 1770 1675 1802 27
1706 1757 1857 1799 καὸάζειν
1874 1758 1983 1801 idem,
2007 1771 2079 1793 uon
2094 1763 2138 1795 G.
2154 1783 2194 1791 -
2215 1762 2265 1796 28
2282 1761 2456 1812 σεὸασμὸν
2477 1768 2513 1799 V.

1565 1834 1604 1842 -
1616 1812 1657 1846 31
1669 1809 1798 1859 λέγουσι
1809 1824 1881 1847 oni.
1890 1816 1926 1848 V.
1939 1813 2018 1848 Ald.
2032 1840 2069 1845 -
2083 1813 2127 1848 32
2141 1814 2231 1865 αὐτῷ
2241 1819 2345 1865 κοινῇ
2357 1817 2475 1859 τόπους
2482 1822 2515 1854 V.

1565 1865 1621 1906 τὰς
1635 1865 1759 1914 βάκχας
1775 1869 1819 1901 R.
1836 1864 1908 1908 τοὺς
1928 1866 2068 1915 βάκχους
2084 1867 2213 1903 Suidas
2234 1882 2264 1905 s.
2283 1871 2463 1920 Σαβάζιος.
2480 1876 2516 1909 Et

1565 1920 1615 1954 sic
1633 1919 1840 1955 Plutarchus
1860 1931 2003 1967 quoquc
2023 1921 2150 1956 Moral.
2182 1933 2219 1970 p.
2250 1924 2344 1970 671,
2362 1928 2406 1961 E.
2427 1928 2514 1962 -33

1565 1972 1651 2013 “rac
1664 1986 1734 2008 om.
1747 1976 1805 2016 V.‚
1823 1974 1938 2020 spatio
1957 1986 2088 2018 vacuo,
2105 1975 2202 2022 quod
2218 1976 2257 2011 iu
2271 1980 2321 2012 G.
2340 1980 2514 2028 expletum

1567 2036 1618 2063 est
1636 2027 1753 2063 verbis
1771 2027 1823 2062 καὶ
1841 2027 1989 2077 φρυγίλος
2009 2029 2167 2064 καλεῖται.
2190 2030 2314 2072 Εὗαιος
2329 2035 2373 2069 R.
2392 2037 2436 2069 V,
2457 2035 2514 2071 Εὖ-

1567 2082 1656 2121 ὅαιος
1673 2081 1752 2117 Ald.
1768 2081 1967 2129 chenduui
1984 2090 2035 2116 cst
2049 2081 2166 2124 Εὗϊοςε
2187 2093 2226 2119 ut
2241 2095 2347 2122 recte
2359 2088 2407 2124 ad
2427 2102 2512 2125 mar-

1566 2137 1681 2184 ginem
1701 2137 1910 2183 exemplaris
1932 2136 2240 2184 Postelw-jiythiani
2262 2143 2512 2179 emendaverat

1568 2191 1622 2226 vir
1642 2191 1779 2225 doctus.
1807 2190 1980 2226 Bacchum
2002 2192 2095 2226 enim
2115 2192 2159 2226 nb
2177 2194 2445 2234 acclamatione
2463 2200 2512 2234 illa

1567 2245 1814 2280 bacchantium
1850 2245 1914 2280 εὐοῖ
1939 2244 2070 2280 dictum
2091 2245 2198 2282 fuisse
2216 2248 2334 2293 Εὔϊον,
2361 2264 2420 2288 1·oe
2438 2254 2511 2289 satis

1567 2307 1650 2335 nota
1676 2307 1739 2334 est.
1766 2299 1832 2335 Sed
1858 2299 1953 2346 quod
1983 2299 2074 2335 idem
2103 2301 2157 2335 vir
2182 2301 2316 2340 doctus
2341 2317 2415 2353 pro
2437 2306 2510 2344 Ὗαν

1567 2354 1790 2390 scribendum
1821 2353 1985 2389 censebat
2021 2353 2121 2398 Εὔαν,
2154 2367 2226 2390 non
2264 2370 2416 2405 possum
2449 2375 2509 2397 non

1567 2409 1822 2446 emendationis
1844 2409 1935 2443 illins
1954 2409 2101 2455 gratiam
2120 2410 2153 2445 ei
2175 2410 2305 2448 facere.
2341 2417 2508 2452 Bacchum

1567 2465 1658 2500 enim
1673 2464 1803 2498 dictum
1817 2464 1920 2498 ctiam
1935 2463 2040 2498 fuisse
2051 2462 2150 2508 “’Υαν,
2160 2467 2216 2501 vel
2233 2465 2338 2514 Ἷ“ην,
2352 2469 2508 2507 dubitare

1568 2532 1631 2554 nos
1657 2531 1727 2554 non
1752 2518 1834 2553 sinit
1863 2517 2066 2553 Plutarchus
2098 2519 2131 2553 in
2159 2519 2255 2555 libro
2284 2522 2331 2558 de
2363 2525 2458 2561 Iside
2480 2534 2508 2560 et

1566 2574 1705 2610 Osiride
1723 2583 1801 2620 pag.
1824 2572 1911 2616 364,
1932 2571 1993 2606 ubi
2018 2573 2133 2619 inquit
2152 2587 2160 2609 :
2180 2574 2248 2610 Καὶ
2272 2574 2339 2626 γὰρ
2355 2577 2508 2624 Ἕλληνες

1566 2628 1699 2663 καλοῦσι
1722 2627 1777 2664 τὸν
1804 2624 1957 2662 Διόνυσον
1985 2624 2088 2670 ιὟην,
2117 2628 2161 2667 ὡς
2187 2627 2298 2678 κύριον
2328 2634 2393 2674 τῆς
2419 2637 2507 2683 ὑγρᾶς

1567 2681 1706 2732 φύσεως,
1724 2681 1785 2730 οὐχ
1800 2679 1904 2729 ἕτερον
1922 2679 1998 2715 ὄντα
2024 2683 2080 2716 τοῦ
2104 2681 2279 2731 Ὀσίριδος.
2304 2687 2418 2723 Vides
2435 2691 2505 2725 Plu-

1568 2736 1726 2771 tarchum
1745 2735 1829 2770 satis
1852 2735 1944 2770 clare
1966 2736 2126 2780 innuere,
2147 2738 2327 2775 Bacchum
2349 2752 2506 2779 vocatum

1565 2802 1640 2825 esse
1658 2788 1758 2836 “’Υαν,
1781 2787 1844 2824 ἀπὸ
1863 2791 1919 2824 τοῦ
1939 2788 2017 2832 ὕειν,
2037 2789 2060 2824 i.
2077 2802 2108 2825 e.
2130 2793 2254 2836 pluere
2267 2806 2281 2827 .·
2299 2796 2399 2832 unde
2413 2799 2506 2833 simul

1565 2853 1712 2893 apparet
1735 2857 1874 2879 omnem
1898 2845 2013 2880 mendi
2032 2846 2270 2892 suspicionem
2289 2850 2339 2885 ab
2361 2852 2423 2887 illo
2439 2854 2507 2888 loco

1565 2900 1699 2936 abesse.
1729 2900 1837 2933 Kos-r.
1868 2902 1906 2933 In
1931 2907 2012 2934 vett.
2038 2899 2117 2935 edd.
2144 2909 2197 2936 est
2228 2902 2394 2950 Εὕὸαιος,
2420 2908 2506 2955 quod

1566 2955 1726 3002 Toupins
1740 2956 1831 3000 (Em.
1849 2954 1883 2988 in
1896 2954 2043 3000 llesych.
2060 2955 2127 2989 vol.
2141 2960 2175 2999 4,
2189 2968 2226 3004 p.
2249 2971 2261 2991 ι
2272 2960 2336 3007 26)
2348 2961 2387 2996 iu
2403 2963 2508 3002 Εὐαίος

1567 3008 1771 3043 mutandum
1799 3010 1954 3052 censuit;
1976 3010 2136 3054 Vossius,
2163 3011 2226 3057 qui
2252 3012 2297 3048 de
2326 3014 2387 3051 his
2411 3017 2510 3052 rebus

1565 3064 1762 3098 acutissime
1781 3063 1922 3109 scripsit
1946 3063 2108 3110 (mythol.
2137 3066 2198 3099 Br.
2228 3067 2300 3102 vol.
2331 3081 2380 3116 2,
2411 3084 2447 3119 p.
2469 3073 2510 3117 33,

1567 3126 1730 3164 tanquam
1749 3118 1776 3152 si
1796 3117 1882 3151 nihil
1900 3115 2073 3160 obstaret,
2098 3117 2164 3153 sub
2189 3121 2327 3157 vexillo
2348 3115 2511 3168 retinnit;

1566 3172 1650 3207 mihi
1676 3171 1770 3212 Ιέὔϊος
1785 3171 1838 3205 vel
1861 3169 1974 3210 Ιίὔσιος
1996 3171 2177 3218 legendum
2194 3174 2356 3220 videtur,
2376 3179 2423 3216 ab
2439 3175 2510 3223 εἷοὶ,

1565 3233 1602 3260 ut
1619 3230 1772 3261 Lacones
1790 3237 1855 3273 pro
1871 3219 1905 3259 εὖ
1923 3225 1972 3260 σοὶ
1990 3225 2087 3272 (bene
2098 3231 2152 3270 sit)
2166 3227 2301 3265 dixisse
2319 3241 2450 3270 auctor
2464 3243 2512 3270 est

1564 3280 1717 3326 Etymol.
1738 3283 1785 3314 M.
1803 3293 1839 3327 p.
1862 3281 1943 3327 391,
1966 3292 2026 3321 10;
2045 3280 2141 3327 quod
2158 3283 2302 3319 Baccho
2322 3286 2376 3322 ob
2394 3288 2511 3326 inven-

1531 3337 1538 3405 Ι
1566 3343 1638 3369 tum
1661 3342 1864 3382 tympanum
1895 3334 2052 3384 (ρόπ-τρον
2077 3335 2170 3370 enim
2196 3337 2436 3380 scribendum
2462 3353 2511 3381 αι

1566 3401 1631 3437 pro
1644 3389 1834 3438 κάτοπτρον)
1850 3390 2076 3425 acclamatum
2091 3389 2197 3426 fuisse
2212 3394 2396 3442 Arignote
2408 3397 2513 3436 trudit
