2931 4012
509 408 581 446 588

507 488 657 540 εὐπορίας
672 486 809 538 ἤρξατο,
831 498 912 534 quae
933 498 1027 521 nime
1051 493 1131 533 post
1155 486 1295 535 ἀλφίτων
1312 486 1446 533 posita,

510 551 549 580 ut
563 543 695 591 scripta
709 549 791 577 sunt
806 542 842 576 in
858 543 974 587 R.—9
986 539 1018 582 ἐξ
1033 539 1160 588 Ἰνάχου
1175 539 1255 576 Ald.
1272 540 1345 575 sine
1360 540 1448 588 παρὰ

510 602 559 640 τὰ.
581 605 669 650 Reg.
685 598 773 650 παρὰ
784 598 826 634 τὰ
842 598 874 641 ἐξ
891 598 946 636 Ἰν.
961 623 1009 630 —
1029 612 1070 634 10
1085 597 1188 647 μεστὰ
1199 598 1306 634 πάντα
1321 600 1363 636 Θ.
1380 598 1449 646 ἐγί-

514 670 597 692 νοντο
623 659 665 692 11.
694 653 820 703 ἐγένετο
844 654 974 701 ἀγαθῶν
997 656 1107 701 Reg.,
1130 654 1191 700 qui
1217 650 1350 702 προέχει
1369 664 1448 687 cum

557 764 627 800 808
642 763 691 798 sic
706 762 742 798 in
754 765 810 805 R„
830 759 950 805 ἡδέως,
968 759 1120 808 εὖόσμου,
1135 759 1156 803 ἢ
1171 761 1213 800 ὡς
1229 759 1449 807 ἀπὸ-ἔλεγον.

508 822 548 855 In
563 822 621 863 V.,
643 815 745 860 καλὴν
770 815 874 864 ὀσμὴν
892 815 1022 860 ἔχοντος
1038 813 1148 863 ὥσπερ
1164 813 1205 850 τὰ
1226 814 1316 858 ἄνθη.
1340 812 1362 857 ἢ
1385 813 1449 849 ἀπὸ

507 871 606 908 τόπου
631 869 817 916 ἀνθοσμίας.
842 869 864 914 ἢ
890 871 933 909 ὡς
959 868 1024 904 ἀπὸ
1041 868 1142 909 εἴδους
1165 867 1324 915 ἀμπέλου.
1347 867 1369 911 ἢ
1392 870 1448 903 τοῦ

508 923 767 971 ἡδέος-ἔλεγον.
795 926 911 966 «Qnae
934 922 1140 957 scholiastes
1165 923 1221 957 hic
1247 923 1448 968 adnotavit,

508 988 544 1016 et
561 979 607 1015 atl
625 983 713 1014 Ran.
731 991 765 1015 v.
786 991 797 1012 ι
811 978 893 1018 ι50,
912 978 947 1012 in
967 989 1076 1012 unum
1095 990 1115 1013 a
1133 978 1242 1014 Suida
1259 985 1341 1012 sunt
1358 989 1446 1012 con-

508 1033 629 1080 juncta
642 1033 678 1068 in
695 1045 728 1066 v.
743 1030 948 1078 Ἀνθοσμίαςε
969 1032 1097 1078 legitur
1114 1039 1231 1068 autem
1246 1032 1341 1080 apud
1355 1043 1446 1077 eum,

508 1086 573 1123 ἀπὸ
591 1086 690 1122 τόπου
710 1084 914 1132 Ἀνθοσμίου,
937 1098 1042 1132 quem
1066 1087 1184 1121 locum
1203 1087 1229 1121 si
1256 1086 1362 1121 modo
1385 1098 1446 1121 us-

508 1153 614 1188 quam
625 1144 726 1175 'extra
738 1141 1044 1186 grammaticorum
1060 1141 1329 1176 commentarios
1341 1141 1446 1176 exsti-

509 1196 602 1239 terit,
615 1195 730 1231 adhuc
746 1207 873 1241 quaero.
884 1210 899 1225 υ
913 1197 1050 1231 Ηειιετ.
1066 1216 1111 1222 -
1124 1196 1166 1230 18
1179 1209 1253 1244 καρ.
1267 1188 1353 1230 εἶπεν
1370 1195 1446 1230 Ald.

508 1269 555 1277 —
570 1262 616 1285 20
634 1247 809 1298 μαγαρικά.
828 1249 955 1284 Melius
967 1276 976 1291 ,
996 1249 1025 1284 si
1043 1249 1235 1292 rationem,
1255 1262 1326 1285 non
1346 1262 1446 1285 usum

507 1303 677 1351 loquendi
700 1311 853 1351 spectes,
876 1303 1037 1351 μεγαρικὰ
1055 1304 1258 1339 scribuntur
1284 1305 1319 1339 in
1343 1305 1446 1352 gloss.

509 1369 587 1392 mss.
615 1357 660 1392 ad
686 1358 777 1392 Plut.
807 1364 842 1391 et
869 1356 913 1390 ad
941 1356 1035 1394 Nub.
1063 1358 1214 1407 ἀμφορεῖς
1238 1357 1447 1404 νενησμένοι,

509 1409 667 1461 μεγαρικὰ
690 1409 884 1460 σωρεύματα
903 1423 958 1457 ap.
978 1414 1134 1459 Ducang.
1163 1412 1287 1448 Oritur
1306 1412 1399 1447 enim
1418 1413 1448 1448 i-

506 1465 586 1501 stud
606 1464 815 1500 vocabulum
831 1476 851 1500 a
866 1465 1130 1511 Megarensibus
1142 1492 1152 1509 ‚
1169 1478 1322 1512 quorum
1340 1479 1448 1514 opera

508 1519 628 1555 fictilia
649 1519 792 1554 fuerunt
809 1518 845 1553 in
865 1518 981 1566 pretio
999 1532 1007 1553 z
1030 1518 1110 1554 hinc
1131 1517 1173 1553 τὰ
1194 1519 1371 1567 Μεγαρέων
1390 1534 1447 1555 κε-

508 1571 609 1622 ράμια
622 1580 862 1608 memorantur
876 1584 896 1606 a
910 1574 1031 1618 Synes.
1045 1585 1082 1620 p.
1097 1585 1157 1617 77,
1169 1575 1214 1617 C,
1229 1580 1264 1608 et
1279 1571 1449 1622 Μεγαρικὰ

507 1625 658 1662 πιθάκνια
674 1625 719 1660 ab
735 1625 877 1662 Eubulo
893 1637 951 1672 ap.
969 1625 1099 1662 Athen,
1114 1639 1143 1670 ι,
1163 1639 1197 1673 p.
1213 1628 1269 1670 28,
1283 1630 1328 1662 D.
1341 1629 1449 1662 Recte

507 1681 626 1719 Suid.:
647 1678 839 1730 Ἀμφορεύς,
860 1680 998 1728 ἀγγεῖον,
1016 1680 1143 1729 μέτρον,
1161 1680 1313 1730 κεράμιον
1333 1683 1448 1728 Μεγα-

511 1733 609 1783 ρικόν.
626 1737 847 1769 Mercatores
866 1745 968 1774 vero,
985 1741 1025 1769 ut
1040 1733 1224 1769 hominum
1238 1735 1325 1770 illud
1340 1747 1449 1782 genus

507 1801 583 1825 esse
603 1789 694 1825 solet
716 1788 926 1836 plerumque
943 1788 1124 1823 literarum
1142 1801 1182 1823 ac
1202 1789 1367 1824 dictionis
1383 1802 1448 1824 ex-

509 1856 591 1892 pers
603 1870 613 1887 ,
632 1855 740 1891 prave
760 1842 912 1891 primam
931 1842 967 1877 in
988 1843 1055 1878 hoc
1072 1855 1148 1879 voc.
1171 1843 1340 1890 syllabam
1358 1843 1445 1879 effe-

508 1897 632 1933 rebant
652 1909 718 1945 per
734 1911 766 1932 α.
791 1900 845 1933 En
863 1904 987 1932 testem
1000 1896 1213 1944 locupletem
1232 1897 1448 1945 Stephanum

507 1955 588 1999 Byz.
602 1952 640 1988 in
656 1951 794 2001 Μέγαρα
804 1965 813 1974 ·
827 1949 910 1987 οὕτω
929 1949 962 1987 δὲ
978 1951 1035 1987 καὶ
1050 1949 1123 1992 τοὺς
1138 1950 1338 2001 Μεγαρικοὺς
1353 1952 1449 2001 κερά-

507 2020 585 2053 μους
604 2004 657 2042 διὰ
685 2008 741 2041 τοῦ
763 2019 779 2041 ε
798 2003 862 2055 χρὴ
879 2004 996 2052 λέγειν,
1018 2008 1054 2041 οὖ
1071 2004 1125 2040 διὰ
1141 2009 1198 2042 τοῦ
1220 2020 1258 2049 α,
1277 2007 1320 2046 ὡς
1338 2007 1368 2041 οῖ
1386 2004 1449 2053 ἔμ-

505 2073 599 2111 ποροι
612 2058 672 2103 τὴν
686 2057 848 2110 ἄρχουσαν
865 2058 1144 2110 παραφθείροντες.
1163 2060 1261 2095 Idem
1280 2060 1449 2095 accidisse

506 2115 670 2151 novimus
701 2115 739 2149 in
773 2112 912 2163 μέγαρον
944 2121 979 2149 et
1011 2112 1156 2164 μέγαρον
1170 2142 1180 2160 ,
1208 2114 1303 2161 quod
1334 2122 1448 2150 tamen

506 2174 817 2223 grammaticorum
833 2180 954 2207 notam
970 2173 1094 2221 effugit
1108 2189 1116 2210 :
1135 2175 1221 2221 quin
1241 2175 1353 2210 AElius
1366 2175 1451 2210 Dio·

508 2230 629 2275 nysius
659 2227 804 2276 μέγαρον
839 2227 1084 2262 tantummodo
1120 2228 1226 2264 scribi
1256 2230 1424 2277 praecepit
1437 2256 1448 2273 ,

507 2296 579 2318 non
604 2280 766 2329 μέγαρον,
792 2280 821 2315 si
844 2279 1098 2327 designandum
1123 2282 1241 2318 veniat
1267 2282 1449 2330 penetrale

508 2337 596 2374 illud
610 2337 648 2373 in
664 2348 735 2383 quo
751 2336 897 2382 mystica
912 2348 1010 2371 sacra
1022 2336 1274 2382 reconduntur,
1292 2338 1447 2373 Eustath.

507 2392 552 2428 ad
575 2390 642 2427 Od.
671 2393 719 2434 A,
741 2402 778 2437 p.
806 2390 910 2436 1387,
939 2392 994 2425 18.
1022 2394 1091 2437 Ap.
1124 2391 1276 2437 Hesycli.
1305 2392 1450 2427 invenio

506 2444 730 2496 Μαγαρίσκος,
743 2443 931 2484 πινακίσκος
943 2458 952 2466 ·
967 2443 1061 2491 quod
1075 2443 1201 2480 dubito
1213 2458 1258 2480 an
1273 2444 1317 2480 ab
1329 2446 1449 2482 eadem

507 2501 644 2548 origine
664 2499 815 2547 pendeat
833 2512 842 2534 z
871 2498 909 2534 id
931 2498 1075 2546 quidem
1098 2510 1170 2534 non
1189 2499 1316 2534 dubito
1344 2502 1449 2547 paulo

507 2554 711 2603 corruptius
726 2553 795 2588 alio
813 2553 892 2588 loco
906 2552 973 2599 legi
992 2551 1236 2602 Μαργαρίσκον,
1249 2553 1449 2591 πινακίσκον.

507 2610 582 2647 Nisi
598 2608 711 2644 forma
724 2620 801 2642 voc.
818 2607 1008 2654 utrobique
1023 2615 1216 2652 constaret,
1232 2609 1357 2655 reponi
1376 2621 1451 2644 ma-

510 2662 648 2698 luissem
682 2660 880 2710 Μαγαρικός.
907 2660 1049 2704 Πίνακες
1069 2670 1185 2697 autem
1207 2670 1243 2698 et
1264 2663 1450 2699 πινακίσκοι

508 2729 579 2751 non
604 2716 709 2764 lignei
735 2723 890 2759 tantum,
913 2716 974 2751 sed
993 2723 1028 2751 et
1046 2717 1180 2753 fictiles.
1199 2719 1392 2753 Heus-n—
1405 2720 1448 2754 23

509 2768 691 2814 σενδοῦκια,
708 2769 779 2805 vid.
798 2769 843 2805 ad
863 2782 894 2804 v,
918 2782 999 2813 71¹·

557 2826 648 2868 810,
678 2823 723 2857 25
752 2824 788 2858 ἐκ
809 2825 866 2866 τῆς
891 2825 954 2859 τῶν
978 2824 1184 2860 ἀναπαίστων
1204 2826 1320 2872 (corr.
1346 2827 1448 2873 ἀναγ-

507 2877 607 2913 καίων
632 2889 675 2912 ex
696 2876 831 2912 scholio
854 2889 887 2912 ν.
908 2879 992 2923 807)
1012 2878 1160 2928 εὐπορίας
1183 2878 1312 2929 ἤρξατο.
1336 2894 1448 2928 παρα-

507 2932 615 2974 παίζει
635 2930 669 2967 δὲ
684 2934 727 2967 V.
747 2931 791 2966 ad
810 2945 836 2966 v.
857 2933 938 2977 809.
953 2955 1001 2960 —
1019 2934 1063 2968 26
1079 2936 1137 2978 τῆς
1156 2948 1227 2972 om.
1244 2936 1287 2970 Θ.

556 2988 645 3030 812,
666 2986 710 3022 33
728 2985 749 3030 ἢ
768 2985 904 3027 λοπάδος
920 2980 1001 3027 εἶδος
1019 2988 1064 3029 εἷς
1082 2988 1135 3029 ὀξὺ
1154 2990 1251 3035 λῆγον
1272 2990 1399 3024 Suidas
1420 3002 1446 3025 s.

507 3039 604 3082 Ὀξίς.
622 3038 725 3080 λοπὰς
746 3038 780 3075 δὲ
798 3034 878 3080 εἶδος
895 3041 1024 3088 ἀγγείου
1041 3046 1104 3077 πᾶν
1122 3043 1165 3083 εἷς
1183 3041 1235 3083 ὀξὺ
1252 3043 1350 3090 λῆγον
1370 3044 1446 3079 Ald.

506 3094 528 3139 ἢ
548 3089 630 3137 εἶδος
653 3095 808 3145 κεραμίου
828 3097 916 3146 παρὰ
941 3096 978 3132 τὸ
995 3095 1048 3138 ὀξὺ
1069 3096 1154 3144 ἔχειν
1172 3096 1210 3133 τὸ
1228 3097 1317 3133 κάτω
1334 3102 1387 3143 V.,
1404 3111 1448 3134 ex

508 3161 580 3197 quo
601 3150 720 3186 addita
743 3150 1107 3199 λοπάδιον-κεραμίου.
1125 3171 1170 3178 -
1188 3152 1232 3194 34
1253 3164 1304 3199 sq.
1333 3154 1449 3200 ἰχθυη-

509 3202 768 3252 ροὺς-χωρῆσαι
784 3218 853 3240 om.
870 3205 913 3241 Θ.
933 3225 981 3232 —
1000 3205 1044 3240 35
1063 3203 1154 3254 ἰχθὺν
1169 3208 1210 3241 R.
1227 3207 1315 3254 ἰχθῦς
1331 3209 1368 3241 V.
1379 3234 1388 3250 ,
1404 3221 1448 3243 cx

508 3269 580 3304 quo
599 3256 717 3293 addita
742 3256 763 3300 ἢ
783 3258 1037 3294 ἐν-πλῦνονται,
1060 3284 1108 3291 -
1131 3261 1172 3304 37
1193 3262 1210 3295 ὁ
1229 3261 1259 3295 λ.
1278 3261 1449 3310 κουρουλὸς

510 3309 606 3358 ἤγουν
631 3311 847 3362 κουκούμερον
871 3315 958 3360 Reg.
982 3316 1035 3347 De
1057 3313 1226 3355 τζυκάλιον
1246 3314 1326 3350 vide
1347 3315 1391 3350 ad
1415 3329 1446 3352 ν.

510 3365 592 3400 683.
614 3390 658 3397 .-
684 3366 730 3412 39
747 3366 787 3402 τὰ
804 3365 985 3402 σκουτέλια.
1000 3367 1117 3402 Variis
1139 3368 1301 3404 indutum
1322 3370 1445 3405 formis

1232 403 1507 442 ADNOTATIO
1531 403 1584 441 IN
1608 403 1768 442 ScnoL.

1502 485 1648 522 exhibet
1658 486 1877 534 Ducangius,
1891 486 1992 535 cujus
2009 494 2045 522 et
2059 486 2225 523 alterum
2241 486 2472 524 Glossarium

1502 548 1554 575 est
1569 541 1837 577 consulendum.
1860 545 1894 577 A
1908 550 1997 577 reum
2010 544 2190 577 scutulam
2207 549 2248 577 et
2266 544 2473 586 scutellam,

1503 595 1586 630 item
1612 599 1775 631 scutulum
1796 604 1832 632 et
1856 599 2027 632 scuoellum
2053 595 2249 639 derivari,
2282 603 2362 631 tam
2391 597 2471 633 mihi

1502 649 1644 696 planum
1670 651 1820 695 videtur,
1850 658 1889 686 ut
1912 651 2032 687 mirari
2058 650 2149 686 satis
2175 662 2394 697 nequeam,
2419 651 2472 699 qui

1503 703 1692 740 Salmasius
1724 704 1848 752 primae
1879 704 2022 752 syllabae
2050 704 2274 752 quantitate
2292 731 2305 749 ,
2342 717 2472 752 eaque,

1502 758 1623 794 saltem
1638 759 1733 807 apud
1747 759 1959 795 recentiores
1969 785 1978 800 ,
1994 759 2147 795 minime
2160 766 2375 794 constante
2385 787 2396 804 ,
2410 760 2469 795 sue

1504 811 1549 846 rit
1562 812 1745 856 inductus,
1759 821 1798 849 ut
1809 813 1853 848 ad
1869 822 2014 849 scutmm
2024 840 2035 858 ‚
2048 812 2222 863 οχύθραν,
2238 814 2465 861 confugeret.

1502 879 1524 902 a
1549 879 1618 913 qua
1645 867 1674 902 si
1701 868 1850 903 maxime
1874 870 2048 903 scutellum
2076 875 2117 902 et
2146 870 2315 902 scutella
2345 878 2470 915 possint

1503 921 1607 965 oriri,
1622 925 1752 957 scutula
1770 930 1864 957 certe
1878 922 1929 957 vel
1942 924 2107 957 scutulum
2125 922 2194 957 vix
2208 949 2221 966 ,
2243 930 2316 957 aut
2333 924 2470 957 omnino

1503 987 1574 1010 non
1601 983 1798 1023 poterunt:
1829 977 1902 1012 haec
1934 984 2048 1012 tamen
2085 976 2133 1011 ad
2159 977 2336 1024 Vopisc,
2364 978 2470 1012 (Ἀπία.

1501 1041 1537 1076 p.
1567 1030 1632 1064 861
1665 1030 1814 1066 tradenti
1845 1029 1947 1064 multi
1974 1030 2124 1066 suerunt
2149 1030 2226 1077 qui
2256 1032 2387 1066 statim
2408 1034 2470 1067 sine

1502 1082 1572 1117 ulla
1584 1082 1808 1119 dubitatione
1825 1082 2111 1128 subscriberent,
2136 1084 2332 1132 interque
2349 1098 2411 1120 eos
2428 1089 2469 1121 De

1503 1140 1589 1173 Casa
1606 1141 1708 1173 Nova
1722 1138 1820 1185 Orig.
1839 1138 1938 1185 Ling.
1960 1138 2082 1173 Franc.
2100 1138 2139 1173 in
2155 1151 2199 1173 v,
2219 1141 2387 1183 Ecuelle,
2405 1152 2470 1187 φιτ

1503 1204 1573 1226 non
1595 1193 1709 1227 minus
1726 1201 1833 1239 atque
1850 1193 1917 1227 alia
1936 1201 2059 1227 nostro
2088 1193 2305 1240 Belgarum
2331 1207 2396 1230 ore
2417 1196 2467 1229 tri-

1503 1248 1635 1283 tissima
1654 1260 1723 1283 vox
1740 1261 1759 1284 a
1776 1251 1920 1284 scutellis
1938 1249 2051 1284 fluxit.
2076 1251 2240 1285 Hans-r.

1553 1303 1640 1345 815,
1664 1307 1708 1343 4⁴²
1725 1305 1746 1346 ἡ
1767 1315 1837 1338 om.
1861 1306 1971 1347 RV„
1992 1315 2036 1338 ex
2055 1316 2133 1351 quo
2159 1304 2215 1344 43
2238 1304 2372 1340 addita
2389 1306 2467 1351 >tf-›¹—

1502 1369 1612 1403 μενος,
1638 1364 1673 1391 et
1691 1355 1713 1400 ἢ
1737 1359 1754 1392 ὁ
1778 1370 1807 1405 χ.
1832 1355 1853 1399 ἢ
1874 1359 1891 1392 ὁ
1914 1356 2032 1405 δίφρος.
2056 1378 2105 1383 -
2125 1364 2182 1400 44
2204 1357 2270 1394 καὶ
2302 1360 2340 1394 ἐν
2361 1359 2466 1408 Εἰρήνῃ

1504 1410 1709 1446 Dindorssus
1725 1410 1845 1446 elicuit
1862 1423 1907 1446 ex
1918 1415 1977 1455 V.‚
1992 1412 2054 1459 qui
2074 1411 2133 1448 καὶ
2152 1413 2193 1448 ἐν
2214 1413 2357 1462 χρήσει.
2375 1417 2466 1461 Lege-

1502 1464 1606 1501 batur
1622 1466 1665 1506 ὡς
1680 1464 1737 1511 τὸ,
1759 1465 1855 1512 quod
1868 1478 1937 1501 om.
1953 1469 1996 1501 R.
2010 1466 2055 1502 Θ.
2075 1465 2133 1501 lb.
2151 1467 2193 1502 ἐν
2215 1467 2255 1503 δὲ
2275 1471 2324 1504 R.
2342 1467 2376 1503 ἔν
2391 1482 2422 1503 τε
2434 1472 2465 1503 V.

1502 1521 1547 1556 Θ.
1567 1519 1699 1556 Ald.-.
1715 1519 1761 1562 45
1774 1522 1791 1555 ὁ
1806 1522 1937 1570 φοῦρνος
1953 1518 1974 1563 ἢ
1993 1521 2120 1567 μᾶλλον
2144 1520 2191 1557 τὸ
2209 1522 2380 1572 φανάριον
2398 1527 2465 1569 [teg.

1552 1574 1622 1609 816
1634 1602 1644 1619 ,
1661 1579 1707 1620 49
1724 1573 1902 1621 νομίσμασι
1927 1573 2104 1621 παίζομεν,
2133 1576 2354 1624 ἀρτιάζομεν
2376 1580 2414 1613 R.
2429 1579 2462 1612 Θ.

1505 1648 1548 1656 -
1570 1628 1615 1663 50
1632 1626 1879 1677 ἀντὶ-περισσά
1906 1636 1941 1662 et
1966 1630 2005 1676 τῇ
2033 1640 2109 1663 om.
2146 1629 2199 1665 Θ.
2226 1631 2311 1674 Qui
2337 1632 2379 1667 ⁵1
2403 1642 2464 1679 post

1503 1680 1604 1728 ἄζυγα
1619 1681 1670 1717 sic
1687 1682 1819 1729 pergit,
1838 1680 1952 1721 ἄλλως.
1971 1680 2138 1728 παίζομεν
2163 1682 2277 1731 ἄρτια
2293 1683 2317 1728 ἢ
2334 1688 2462 1734 respiret

1502 1735 1616 1771 παιδιὰ
1637 1735 1673 1772 δέ
1692 1750 1740 1775 τις
1765 1729 1805 1779 ἦν
1822 1743 1888 1771 etc.
1909 1734 2039 1771 παιδεία
2059 1738 2108 1771 V.
2121 1763 2133 1782 ,
2158 1738 2351 1774 omittens
2368 1733 2414 1782 ἦν.
2431 1760 2455 1764 -

1505 1789 1550 1824 52
1567 1790 1758 1839 κατέχοντος
1770 1793 1814 1826 V.
1828 1786 1990 1826 Alterum
2001 1792 2058 1826 τοῦ
2071 1803 2157 1826 om.
2170 1793 2220 1829 Θ.
2241 1819 2298 1826 -.
2314 1795 2361 1829 53
2376 1794 2462 1836 ἦτοι-

1502 1845 1650 1881 καλεῖται
1668 1845 1787 1880 addita
1806 1858 1850 1880 ex
1867 1847 1907 1880 V.
1932 1845 2002 1888 Qui
2021 1846 2153 1892 pergit
2174 1846 2309 1889 ἄλλως,
2327 1849 2459 1895 παίζομε-

1504 1898 1599 1948 ἄρτια
1619 1898 1640 1943 ἢ
1658 1898 1810 1949 περιττὰ,
1834 1899 1870 1935 τὸ
1890 1901 1921 1935 ἐν
1941 1901 1981 1947 τῇ
2000 1900 2171 1951 συνηθείᾳ.
2192 1902 2383 1950 λεγόμενον
2399 1907 2457 1949 {271

1502 1952 1524 1996 ἢ
1541 1952 1653 2002 ἄζυγα.
1667 1952 1749 1994 τινὲς
1764 1952 1798 1990 δὲ
1812 1954 1882 2003 ἀρτ.
1895 1977 1932 1984 -
1944 1967 1957 1989 1
1971 1965 2023 2001 sq.
2037 1954 2258 2003 ἀρτιάζειν..
2267 1986 2276 1993 .
2295 1959 2457 2009 σφαιρίζειι

1504 2011 1585 2044 Haec
1617 2009 1730 2045 aliena
1759 2021 1904 2057 prorsus
1929 2009 2024 2044 unde
2054 2011 2291 2056 prodierint
2309 2041 2322 2059 ,
2353 2015 2457 2062 quidve

1504 2063 1703 2098 conducant
1724 2063 1768 2099 ad
1794 2064 2046 2111 explicandum
2077 2064 2286 2114 ἄρτιάζειν,
2314 2077 2455 2116 exputare

1504 2118 1563 2152 vix
1589 2129 1744 2165 possum.
1765 2118 1846 2153 Pilae
1869 2118 1954 2152 ludo
1981 2116 2068 2165 quid
2091 2131 2314 2158 commune
2334 2131 2384 2158 est
2398 2135 2453 2157 cua·

1504 2174 1698 2222 ἀρτιασμῷέ
1714 2179 1775 2207 aut
1792 2172 1950 2221 ἀρτιάζειν
1974 2174 2174 2219 quomodo
2196 2176 2288 2213 lieri
2310 2187 2416 2226 potest
2429 2187 2451 2208 ¹1¹

1504 2227 1674 2274 significet
1691 2227 1825 2276 ἁρπαγῇ
1842 2227 1992 2268 παίζεινῗ
2016 2227 2102 2263 Non
2129 2228 2282 2268 dubito
2301 2234 2384 2280 quin
2401 2233 2447 2266 lm

1503 2292 1547 2315 ex
1569 2280 1691 2316 codice
1712 2288 1883 2328 corrupto
1904 2281 2081 2328 parvique
2108 2285 2231 2330 pretii
2260 2286 2333 2322 huc
2351 2287 2448 2322 fuerim

1504 2334 1673 2371 derivata.
1690 2335 1786 2379 Quid
1804 2343 1919 2371 tamen
1938 2334 2040 2370 obest
2053 2340 2277 2383 quominus
2292 2350 2448 2379 tentemus.

1505 2402 1547 2424 an
1578 2388 1756 2437 probabili
1783 2389 1899 2436 aliqua
1921 2389 2135 2436 conjectura
2162 2395 2341 2442 expediri
2364 2397 2448 2431 node>

1504 2445 1636 2491 queat?
1661 2447 1702 2480 In
1727 2444 1869 2479 Polluce
1892 2456 1934 2489 9,
1964 2456 2049 2489 101,
2074 2446 2273 2494 scriptum
2303 2451 2366 2486 fuit
2387 2451 2446 2485 olim

1505 2498 1671 2548 ἁρπάζειν,
1690 2498 1787 2545 quod
1804 2498 2029 2533 scribendum
2048 2508 2131 2535 erat
2153 2502 2354 2551 ἀρτιάζεινε
2371 2506 2446 2540 detur

1504 2553 1608 2588 simili
1623 2553 1723 2597 vitio,
1740 2565 1940 2600 quanquam
1953 2565 2058 2589 versu
2076 2556 2330 2603 reclamante,
2343 2561 2376 2595 in
2387 2573 2447 2606 qu·—

1505 2607 1586 2643 dam
1623 2607 1869 2653 Aristophanis
1901 2608 2099 2654 exemplari
2135 2622 2340 2649 exaratum
2370 2615 2447 2649 fuis*-

1505 2662 1686 2712 ἀρτιάζομεν
1700 2675 1708 2696 :
1721 2661 1794 2709 jam
1814 2662 1995 2709 percipere
2011 2663 2096 2698 lioet
2114 2665 2192 2712 qui
2218 2669 2409 2715 contigerit
2423 2679 2445 2700 n

1504 2717 1548 2753 ad
1567 2716 1756 2762 marginem
1774 2714 1820 2751 ab
1837 2717 1957 2764 aliquo
1977 2717 2112 2753 lectore
2139 2721 2271 2758 minus
2290 2725 2401 2772 perito
2418 2725 2446 2757 siz

1504 2769 1882 2819 ειάηοιοωῐιι,ἇρπάζειν
1895 2769 2023 2817 λέγουσι
2039 2779 2122 2817 etc.‚
2133 2776 2246 2822 quod
2260 2778 2301 2813 in
2314 2778 2445 2827 ἃρτιαζεη

1504 2832 1676 2861 mutatum
1693 2824 1738 2873 ab
1752 2825 1812 2868 iis,
1826 2825 1885 2872 qui
1898 2827 2155 2864 contaminatae
2172 2830 2350 2869 lectionis
2362 2835 2445 2880 igmn

1503 2892 1573 2915 non
1602 2878 1878 2927 perspiciebant,
1899 2892 2068 2926 quorsum
2097 2886 2319 2929 pertineret
2343 2887 2444 2923 absur-

1503 2934 1586 2970 dum
1605 2933 1692 2969 illud
1714 2932 1879 2983 ἁρπάζειν.
1900 2934 2184 2981 Intelligendum
2209 2952 2308 2976 vero
2326 2942 2371 2977 de
2389 2942 2444 2976 hm

1504 2990 1605 3037 pilae,
1622 3000 1729 3035 quam
1748 2987 1924 3024 vocabant
1940 2988 2125 3036 ἁρπαστὸν,
2148 2993 2198 3030 de
2219 3008 2305 3043 quo
2321 3000 2441 3043 Jungff·

1504 3056 1619 3080 mann.
1639 3043 1684 3078 ad
1702 3043 1834 3079 Polluc.
1850 3056 1885 3089 9,
1906 3044 1984 3088 105,
2001 3056 2037 3080 n.
2065 3046 2141 3089 84;
2170 3058 2255 3086 erat
2282 3064 2369 3088 sane
2384 3064 2444 3098 pm-

1504 3098 1620 3146 prium
1639 3098 1674 3133 in
1690 3098 1758 3133 hoc
1775 3098 1871 3133 lusus
1887 3110 2013 3145 genere
2033 3100 2198 3139 verbum
2218 3104 2382 3154 ἅρπάζεη
2396 3117 2445 3140 ιω

1502 3166 1602 3188 secus
1619 3165 1660 3188 ac
1682 3165 1804 3199 rapere
1825 3154 1982 3189 Latinis:
2005 3155 2108 3202 apud
2129 3159 2329 3197 Pollucem
2349 3163 2445 3197 etiam.

1502 3206 1647 3257 ἁρπάσαι
1669 3206 1729 3251 τὴν
1756 3212 1908 3258 σφαῖραν,
1935 3207 2010 3258 πρὶν
2035 3210 2082 3251 εἷς
2115 3213 2185 3259 γῆν
2214 3215 2326 3259 αὐτὴν
2352 3220 2436 3251 nri*-

1502 3261 1623 3296 Voluit
1650 3261 1759 3309 igitur
1785 3262 1998 3298 architectus
2026 3264 2199 3303 ridiculae
2227 3270 2447 3306 adnot-itinn.-

1502 3316 1687 3363 scripturae
1704 3316 1830 3352 comici
1853 3316 2055 3365 depravatae
2081 3321 2201 3358 talem
2233 3337 2381 3362 sensum
2404 3326 2446 3359 a-i-

1503 3371 1653 3418 lingere,
1668 3383 1787 3407 servos
1803 3371 1882 3419 pilae
1895 3372 1974 3408 loco
1989 3376 2200 3414 stateribus
2217 3379 2377 3417 invicem
2392 3381 2443 3414 „fis
