2931 4012
1319 439 1475 476 PLUTI.

472 517 556 562 373,
577 517 622 552 33
635 517 657 552 ἃ
677 515 724 552 ἔλ.
738 519 826 564 Reg.
845 518 952 554 Dorv.
966 531 1022 553 και
1040 518 1086 554 ἔλ.
1104 521 1200 554 Junt.

472 571 544 615 376
559 570 626 607 Ναὶ
644 570 681 606 οὗ
699 570 782 607 θέλω
801 579 837 606 et
857 570 1235 622 σύναπτε-κατηγορεῖς
1252 572 1360 608 habet

420 626 477 670 8.,
492 638 537 662 ex
551 638 624 674 quo
643 628 689 672 39
705 625 744 663 τό
763 639 825 673 μου
842 626 1015 664 additum.

468 683 539 726 377
554 693 624 717 0111.
644 682 689 718 Θ.
706 685 746 717 In
760 684 803 718 R.
822 690 874 718 est
892 682 997 718 λείπει
1014 682 1236 732 ἀναλώματος.

470 736 554 782 379,
570 741 615 781 47
633 734 1028 787 φράξας-πεφραγμένος
1051 746 1086 773 01
1111 737 1145 774 δὲ
1171 737 1289 774 addita
1316 749 1361 773 ex

419 794 462 826 V.
486 788 578 838 βυθὸς
609 792 652 826 G.
671 789 766 839 βυσὸς
784 794 827 828 V.
847 815 896 822 —
912 792 956 826 50
973 791 1203 842 κοινωφίλιμοι
1232 794 1289 827 τοῦ
1316 792 1359 828 Θ.

421 844 511 889 Α111.,
525 844 586 891 qui
603 844 774 880 omittunt
790 848 846 881 τοῦ
861 842 1226 896 εὑρημένου-κέρδε’σι.
1245 846 1361 893 Pergit

419 901 463 935 V.
468 926 479 943 ,
495 896 580 938 τινὲς
592 898 636 938 ὣς
645 896 798 948 Ὅμηρος
810 899 993 944 ἐπιπλήσας
1010 898 1362 949 νήματος-βεὸυσμέ-

418 965 547 988 νον.-
569 964 585 987 1
616 951 781 994 καταστὰς
809 954 919 990 Paris.
940 975 984 982 —
1003 967 1023 990 a
1048 953 1116 1003 ἔχω
1143 958 1256 990 Βο1ν.
1284 955 1361 1002 δωρ.

418 1008 512 1053 ἡμῶν
530 1010 618 1055 Reg.
635 1031 683 1039 --
698 1014 716 1050 4
732 1008 974 1055 ἐπιθυμητικῶς
992 1013 1036 1046 G.
1060 1008 1290 1056 ἐπιθυμητικὸς
1314 1011 1359 1045 V.

469 1062 553 1105 381,
569 1061 602 1099 5.
625 1061 718 1098 1111111
734 1060 902 1104 ἐξοδιάζειν
926 1063 1186 1099 recentioribus
1216 1062 1359 1110 quidem

418 1116 550 1152 Graecis
587 1128 761 1164 perquam
789 1117 972 1161 usitatum,
990 1119 1081 1153 sicut
1104 1131 1150 1154 ex
1177 1117 1360 1165 Ducangio

417 1169 453 1205 111
473 1182 506 1205 v.
527 1169 664 1212 Ἔξοδος
691 1179 912 1219 compertum
948 1172 1135 1216 habemus
1164 1172 1224 1208 sed
1258 1173 1362 1219 longe

418 1232 534 1261 tamen
549 1226 735 1268 vetustius,
754 1238 859 1273 quam
877 1227 945 1262 viri
973 1227 1068 1263 docti
1087 1226 1154 1262 sibi
1173 1238 1358 1275 persuase-

419 1289 512 1319 runt.
528 1287 563 1316 et
580 1292 707 1328 magno
731 1279 919 1317 intervallo
944 1289 1085 1317 aetatem'
1105 1294 1241 1325 eorum,
1271 1292 1361 1328 quos

418 1333 526 1369 citant
560 1341 679 1378 testes,
697 1334 911 1381 scriptorum
942 1347 1126 1383 superans,
1147 1343 1253 1383 atque
1272 1333 1361 1369 adeo

420 1388 528 1423 veteri
547 1389 694 1425 Graeciae
721 1400 793 1424 non
831 1401 978 1435 prorsus
1002 1390 1238 1437 ignotum:ut
1267 1388 1358 1424 enim

419 1448 551 1478 taceam
576 1456 644 1478 Lxx
671 1444 895 1490 interpretes,
932 1455 1128 1480 marmorea
1163 1440 1360 1479 testamenti

419 1495 536 1531 tabula
555 1504 823 1533 monumentum
842 1497 1023 1544 egregium
1039 1499 1073 1533 in
1093 1500 1235 1533 Gruter.
1248 1500 1358 1533 Inscr.

418 1552 498 1585 Ant.
519 1563 554 1598 p.
576 1563 683 1586 ccxvi
698 1562 789 1599 saepe
804 1551 1006 1599 suppeditat
1024 1550 1175 1594 ἐξοδιάξει
1188 1559 1225 1587 01
1241 1550 1361 1593 ἐξοδιαέ

416 1604 496 1645 ζέτω
511 1620 519 1627 ·
555 1606 750 1655 11111011111110
780 1609 944 1644 c'olumna
975 1608 1105 1654 Sicula,
1133 1620 1239 1656 quam
1272 1607 1359 1643 mihi

416 1660 629 1697 D'Orvillius
655 1674 675 1697 a
693 1674 730 1697 se
753 1661 965 1711 descriptam
988 1661 1168 1697 ostendit:
1183 1662 1230 1700 εἰς
1246 1660 1281 1696 δὲ
1299 1659 1358 1697 τὰν

415 1713 617 1750 κατασκευὰν
628 1721 686 1756 τᾶς
701 1715 822 1756 στάλας
835 1714 995 1758 ἔξοδιάξαι
1009 1714 1047 1752 τὸ
1057 1715 1232 1766 τριάκοντα
1250 1713 1357 1764 μέρος·

416 1768 509 1802 unde
515 1767 597 1815 jure
610 1769 756 1817 colligas
767 1770 924 1806 Doribus
941 1771 974 1805 in
989 1770 1113 1818 primis
1127 1770 1195 1805 hoc
1210 1768 1358 1805 verbum

416 1822 524 1857 fuisse
555 1822 741 1869 familiare,
781 1824 968 1872 minusque
1010 1824 1162 1871 mireris,
1191 1823 1358 1871 quoniam

414 1875 536 1913 eadem
551 1885 626 1912 erat
640 1877 872 1913 Macedonum
892 1878 1079 1923 dialectus,
1088 1877 1134 1913 ad
1142 1876 1357 1913 Alexandri-

414 1941 479 1965 nos
508 1932 722 1977 pervenisse.
761 1933 851 1967 Hinc
887 1930 1093 1979 ἰξοδιασμὸς,
1124 1935 1289 1979 erogatio,
1320 1931 1358 1966 in

414 1983 531 2018 Gloss.
549 1981 700 2033 Ἔξοδρν,
718 1997 737 2020 a
748 1997 822 2032 quo
838 1984 1017 2021 vocabulo
1037 1986 1105 2021 ista
1122 1985 1355 2033 proficiscun-

415 2044 483 2081 tur,
515 2049 769 2086 nonnunquam
800 2039 850 2075 ita
877 2039 970 2075 sumi
991 2046 1165 2075 monstrat
1189 2039 1358 2086 Hesychii

413 2091 471 2138 gl„
486 2090 671 2138 Ἀνάλωμα,
689 2090 816 2134 ἔξοδος·
833 2101 869 2129 01
890 2102 1075 2130 enarrator
1094 2093 1275 2130 Theocriti
1303 2095 1358 2138 15,

413 2146 482 2179 35:
502 2157 622 2180 verum
642 2146 790 2195 insignis
801 2154 855 2183 est
869 2147 998 2184 tabulae
1011 2160 1230 2193 marmoreae,
1251 2161 1356 2196 quam

412 2208 492 2236 ante
508 2202 701 2251 designavi,
723 2204 821 2240 locus
837 2216 873 2252 p.
891 2217 1031 2240 ccxvm
1045 2216 1055 2239 :
1068 2202 1218 2255 γραφέτω
1238 2202 1273 2240 δὲ
1303 2205 1357 2241 καὶ

411 2254 469 2289 τὰν
487 2254 597 2292 ἔσοδον
618 2257 674 2293 καὶ
692 2257 797 2300 ἔξοδον
817 2258 876 2295 τὰν
893 2257 1069 2307 γινομέναν
1095 2258 1146 2294 ἐπ’
1168 2259 1280 2295 αὐτοῦ.
1303 2262 1356 2296 Ex

413 2309 467 2345 1115
481 2310 664 2348 aberrasse
680 2307 864 2349 Suicerum
881 2313 1006 2362 liquet,
1021 2313 1083 2361 qui
1098 2312 1268 2355 ἐξοδιάζειν
1287 2326 1357 2362 pu-

413 2365 538 2400 taverit
554 2378 629 2403 esse
656 2367 815 2415 proprie,
837 2370 1002 2404 Sumtum
1021 2366 1064 2403 ad
1079 2368 1264 2416 exsequias
1289 2368 1357 2404 im-

412 2417 574 2466 pendere.
588 2422 643 2456 De
659 2420 860 2470 λογαριάζειν
883 2434 918 2456 ν.
940 2422 1163 2469 Ducangium
1186 2429 1222 2457 et
1243 2425 1357 2458 Vetus

350 2503 355 2522 ἱ
412 2474 659 2510 Rationarium
678 2488 687 2509 ε
705 2474 820 2510 rarius
836 2474 932 2523 apud
945 2476 1092 2512 Suidam
1109 2476 1356 2526 ἀπολογαριάζω

409 2527 453 2562 ad
465 2528 717 2575 exponendum
727 2528 910 2577 ἀπολογίζω
920 2528 1132 2575 adhibitum,
1144 2537 1180 2565 et
1190 2542 1212 2565 a
1224 2531 1356 2579 Cangio

350 2618 367 2635 .
410 2582 701 2628 praetermissum.
715 2585 854 2619 Husr.
869 2583 973 2619 Conf.
983 2582 1192 2619 Valckenar.
1207 2582 1253 2619 ad
1265 2583 1355 2620 Ado-

410 2635 499 2671 niaz.
516 2648 550 2682 p.
570 2636 701 2682 339‚C.
716 2638 831 2672 Dum.

461 2691 544 2734 383,
563 2703 586 2736 9
609 2689 644 2726 δέ
661 2690 732 2726 ἐστι
755 2694 796 2727 V.
820 2690 937 2731 κλάδος
964 2689 1075 2731 ἐλαίας
1104 2690 1220 2726 solum
1248 2690 1356 2727 habet

409 2747 518 2778 Dorv.
530 2758 544 2773 n
555 2747 624 2779 Pro
639 2743 716 2794 ἐρίῳ
730 2743 1173 2794 πεπληγμένοςΗειτροοωι.
1182 2752 1218 2782 01
1226 2745 1355 2782 suidas

408 2806 607 2846 posuerunt
624 2797 790 2846 στέμματι
810 2796 1022 2846 ἐστεμμένος·
1044 2799 1145 2846 plura
1164 2797 1263 2835 dabit
1281 2802 1354 2835 Jos.

355 2875 358 2876 ν
404 2853 529 2887 WVasse
544 2851 587 2887 ad
608 2853 750 2888 Sallust.
775 2865 810 2900 p.
841 2853 924 2888 360.
947 2868 961 2884 υ
977 2854 1165 2888 Ηιιι5τ.-
1184 2865 1227 2887 io
1245 2851 1355 2894 ἐλαίας

404 2911 557 2954 κατεῖχον
576 2906 693 2942 κλάδον
709 2906 789 2942 Ald.

459 2960 541 3004 385,
564 2966 606 3003 14
631 2959 796 3011 ζωγράφος
817 2954 859 3005 ἦν
880 2960 988 2997 Paris.
1013 2963 1098 3008 Reg.
1115 2977 1152 2984 —-
1169 2960 1210 2995 15
1234 2958 1353 3009 ἔγραφι

405 3012 441 3049 δὲ
455 3016 566 3051 Dorv.
582 3015 720 3066 ἔγραψεν
738 3010 795 3052 οὖν
817 3016 927 3052 Paris.
959 3019 1059 3063 Reg„
1075 3017 1137 3063 qui
1161 3023 1255 3052 recte
1282 3015 1353 3052 Εὗ-

407 3066 540 3117 ρυσθέα,
556 3082 627 3106 11011
642 3070 769 3111 εὐθέως.
787 3090 826 3098 -
850 3072 891 3106 16
910 3069 1023 3111 αὐτοὺς
1044 3084 1113 3108 om.
1131 3073 1241 3107 Dorv.
1253 3086 1292 3094 —
1309 3070 1351 3105 18

405 3122 648 3170 περιειλημένος
661 3127 747 3173 Reg.
760 3123 1026 3175 περιειλυμμένος
1040 3127 1155 3161 DorV.
1174 3137 1352 3170 κατεστεμ-

407 3178 504 3227 μένος
525 3182 739 3220 Plutarclms.
765 3210 812 3218 -.-
831 3191 877 3228 24
906 3184 969 3234 γὰρ
1002 3197 1072 3221 0111.
1101 3188 1145 3220 V.
1160 3184 1266 3218 —25
1295 3195 1348 3232 sq.

407 3232 484 3282 Ἤρ.
501 3233 555 3270 τὸν
573 3237 617 3270 ἐκ.
633 3250 703 3274 om.
723 3239 831 3274 etiam
849 3239 893 3276 Θ.
914 3263 962 3271 —
989 3241 1034 3274 26
1052 3239 1192 3289 ἔμφυτον
1214 3240 1349 3273 Hemst.

407 3305 457 3319 --
472 3299 515 3331 27
541 3301 589 3334 sq.
606 3291 787 3341 ζωγράφος·
814 3291 897 3328 κατὰ
915 3292 951 3328 δι’
974 3304 1062 3333 τινας
1077 3306 1125 3341 τρ.
1137 3295 1181 3328 V.
1208 3292 1252 3328 Π.
1270 3305 1350 3339 τρα-

350 3335 353 3341 ’
403 3341 515 3392 γυιάς·
535 3340 618 3377 κατὰ
637 3344 670 3378 δι’
687 3358 775 3386 τινας
792 3346 958 3396 ζωγράφος
971 3347 1015 3383 Θ.
1032 3346 1115 3382 Ald.
1136 3370 1183 3378 -
1200 3358 1246 3391 29
1267 3344 1345 3381 Ἀλ-

350 3418 362 3452 3
405 3396 485 3437 λως.
504 3395 678 3447 Πάμφιλον
697 3396 756 3445 μὲν
775 3398 892 3435 addita
919 3413 963 3436 ex
980 3404 1022 3435 V.
1040 3418 1078 3425 —
1097 3402 1142 3436 33
1160 3413 1255 3445 φασιν
1282 3400 1347 3441 ἀμ-

563 3470 664 3494 5011111..
689 3470 847 3495 ‚minoi-u.

2276 454 2344 485 561

1412 518 1512 555 πέλου
1524 523 1566 558 Θ.
1581 521 1778 560 Δ111111Α111.
1792 524 1982 573 περικλυτὸς
1993 525 2029 562 δὲ
2037 526 2201 577 ζωγράφος
2209 529 2227 563 ὁ
2238 526 2352 565 Ἀπελ-

1412 574 1482 615 λῆς.
1499 587 1545 596 -
1564 577 1609 611 35
1628 576 1729 618 οὐδεὶς
1758 577 1905 628 φαίνεται
1925 583 1966 615 V.
1983 607 2030 615 -
2050 581 2095 616 36
2117 580 2295 631 Ἡρακλέος
2308 583 2352 620 Θ.

1414 628 1471 663 1110
1488 636 1523 664 01
1540 630 1643 666 infra.
1670 630 1888 681 «Ἡρακλέους
1906 634 2049 684 θυγάτηρ
2073 643 2126 671 051
2153 636 2229 672 sine
2242 636 2354 673 dubio

1415 684 1577 730 Macaria,
1597 698 1675 732 quae
1687 698 1754 734 pro
1772 687 1884 723 salute
1901 688 2050 724 fratrum
2064 690 2354 726 Atheniensium-

1414 748 1484 783 que
1497 747 1645 774 mortem
1661 740 1895 777 voluntariam
1909 743 2033 779 subire
2042 756 2114 779 non
2128 744 2351 781 detrectavit.

1416 794 1561 828 Pausan.
1576 796 1603 838 1,
1620 796 1678 838 Ἔα,
1697 795 1729 831 5.
1743 796 1922 833 Zenobius
1933 805 2052 834 autem
2069 811 2102 843 α,
2119 800 2178 843 61,
2193 807 2228 834 et
2244 800 2351 834 schol.

1415 846 1597 894 Aristopli.
1617 849 1661 883 ad
1685 852 1748 897 Eq.
1769 862 1801 884 v.
1827 863 1839 885 1
1852 853 1917 892 148
1937 852 2026 900 111515
2042 853 2116 888 fere
2135 852 2256 889 verbis
2275 866 2354 890 con·

1415 900 1562 936 veniunt
1576 913 1657 937 cum
1675 903 1898 949 Apollodoro
1916 917 1949 948 2,
1974 907 2008 950 8,
2037 919 2065 940 1.
2087 907 2153 942 Cui
2174 919 2246 942 non
2273 909 2354 943 lecti

1415 961 1497 989 sunt
1507 955 1691 1002 Euripidis
1705 958 1924 993 Heraclidae?
1939 961 2076 995 11111151.
2087 966 2201 1002 υ-40
2216 959 2354 1011 ἔγραψεν

1414 1005 1487 1055 Ἡρ.
1507 1011 1549 1045 V.
1567 1027 1606 1034 —
1624 1015 1666 1050 41
1684 1009 1762 1046 ὅταν
1781 1011 1863 1061 Εὗρ.
1882 1013 1925 1049 Θ.
1943 1013 2025 1049 Ald.
2042 1034 2090 1041 —
2109 1019 2153 1056 44
2168 1015 2255 1063 αὐτῷ
2270 1016 2354 1052 Θ.-

1417 1066 1459 1104 47
1482 1061 1606 1099 παίδων
1624 1063 1707 1100 libri
1725 1073 1850 1112 praeter
1867 1068 1910 1102 R.
1926 1083 1965 1091 ·-·
1979 1071 2023 1109 48
2045 1068 2354 1117 παρακολουθουσῶν

1414 1114 1506 1164 λόγον
1526 1119 1659 1167 ὑπεῖχον
1677 1120 1723 1168 τῷ
1740 1118 1921 1167 ἐγκλήματι
1946 1120 2029 1157 Α111.
2053 1121 2355 1171 παρακολουθήσαις

1414 1172 1461 1219 τῷ
1480 1172 1662 1219 ἐγκλήματι
1680 1174 1723 1210 Θ.
1741 1175 1911 1222 Sequitur
1933 1176 1968 1210 111
1987 1175 2040 1211 011.
2064 1178 2162 1212 Junt.
2179 1176 2227 1224 [et
2253 1177 2355 1225 Reg.]

1415 1224 1576 1261 scholion
1596 1227 1836 1263 sutilissimum
1862 1228 1949 1273 hoc,
1964 1231 1982 1265 δ
2000 1228 2173 1279 Πάμφιλος
2197 1225 2287 1270 οἶτος
2309 1224 2354 1271 εἷς

1414 1273 1453 1322 ἦν
1471 1281 1535 1315 τῶν
1554 1279 1789 1331 Ἡρακλειδῶν,
1808 1282 1873 1322 υἱὸς
1892 1282 1950 1331 μὲν
1972 1284 2138 1332 Αἰγιμιοῦ,
2162 1283 2295 1334 ἀδελφὸς
2320 1284 2354 1320 δὲ

1414 1332 1548 1380 Δυμάου
1568 1333 1625 1370 καὶ
1648 1333 1772 1384 Δώρου,
1791 1337 1846 1386 ἀφ’
1860 1330 1905 1372 ὧν
1934 1337 2031 1386 φυλαὶ
2058 1338 2091 1373 ἐν
2121 1338 2353 1385 Λακεδαίμονι,

1416 1386 1619 1435 Παμφιλεῖς,
1629 1387 1684 1423 καὶ
1701 1390 1854 1435 Δυμενεῑς
1864 1417 1875 1434 ,
1890 1389 1946 1426 καὶ
1958 1392 2079 1441 Δωρεῐς
2089 1418 2100 1436 ,
2115 1390 2169 1440 ἀφ’
2182 1385 2221 1435 ’ἧς
2237 1393 2267 1427 οἱ
2283 1394 2356 1427 Δω-

1416 1444 1511 1490 ριεῖς,
1529 1438 1646 1482 οἵτινες
1668 1443 1828 1484 οἰκοῦντες
1855 1443 2009 1493 πρότερον
2034 1444 2093 1487 τὴν
2123 1444 2240 1481 Πίνδον
2277 1445 2353 1493 μίαν

1414 1488 1512 1531 οὖσαν
1533 1497 1590 1539 τῆς
1611 1496 1832 1547 τετραπόλεως
1852 1502 1910 1542 τῆς
1926 1499 1977 1535 ἐπ’
1994 1499 2131 1549 Εὖὸοίᾳ,
2146 1501 2354 1550 ἀφικνοῦνται

1413 1550 1457 1590 εἰς
1474 1548 1531 1593 τὴν
1549 1550 1669 1599 μεταξὺ
1691 1551 1792 1597 Οἴτης
1816 1553 1898 1597 (ἥτις
1915 1556 2002 1602 neg.
2024 1557 2043 1590 J
2048 1563 2136 1600 unt„
2159 1555 2256 1645 1111οξ
2274 1568 2354 1591 001-

1412 1613 1548 1641 rectum
1568 1607 1605 1641 in
1621 1607 1677 1642 ed.
1694 1609 1811 1655 Basil.)
1828 1608 1883 1645 καὶ
1902 1610 2077 1658 Παρνασοῦ
2092 1609 2221 1660 Δωρίδα
2252 1609 2354 1652 ξάπο-

1412 1658 1462 1694 λιν
1480 1653 1593 1695 οῧσαν.
1609 1659 1678 1697 ἔστι
1691 1659 1726 1697 δὲ
1741 1661 1899 1712 Ἐρινεὸν,
1913 1662 2064 1709 Κύτινον,
2086 1664 2194 1708 Βοιὸν,
2206 1663 2353 1709 Λίλαιον,

1413 1712 1580 1763 Κάρφαια,
1598 1714 1743 1763 Δρυόπη.
1765 1716 1802 1751 ἐκ
1822 1714 1856 1751 δὲ
1876 1714 1999 1752 τούτων
2015 1714 2071 1752 σὺν
2092 1721 2156 1756 τοῖς
2174 1715 2351 1766 Ἡρακλεί-

1412 1766 1482 1807 δαις
1497 1768 1721 1817 ἀναχωροῦσιν
1736 1771 1817 1816 ὁμοῦ
1837 1764 1942 1816 (οἶμαι
1960 1770 2062 1818 Reg.)
2081 1772 2118 1806 ἐκ
2135 1773 2191 1814 τῆς
2208 1770 2354 1815 Ἀττικῆς

1412 1821 1456 1861 εἷς
1470 1822 1700 1869 Λακεδαίμονα
1717 1823 1941 1873 (κατέρχονται
1956 1824 2056 1860 addit
2075 1826 2187 1873 Reg.)‚
2205 1826 2249 1866 ὡς
2269 1826 2354 1873 (ὡςὸ

1412 1877 1511 1923 Reg.)
1530 1875 1692 1926 Πίνδαρός
1718 1891 1797 1925 φησι
1823 1877 1974 1914 «θέλοντι
1994 1877 2029 1914 δὲ
2054 1878 2243 1928 Παμφίλου.
2256 1896 2270 1911 n
2299 1883 2353 1916 De

1412 1942 1484 1977 quo
1518 1930 1591 1965 haec
1616 1932 1799 1967 annotavit
1833 1935 2183 1980 Hemst.:«1neptus
2212 1934 2351 1981 aliquis,

1412 1984 1474 2031 qui
1489 1984 1653 2021 eximiam
1675 1986 1804 2021 vetusti
1827 1986 2043 2021 enarratoris
2066 1985 2350 2023 observationem

1412 2038 1456 2073 ad
1474 2039 1614 2075 Pindari
1630 2040 1731 2086 Pyth.
1755 2052 1786 2083 1,
1805 2052 1882 2083 121,
1897 2038 2036 2076 Θέλοντι
2050 2038 2084 2075 δὲ
2099 2039 2280 2088 Παμφύλου
2296 2042 2352 2077 καὶ

1413 2090 1478 2138 μὰν
1497 2091 1715 2143 Ἡρακλειδᾶν
1730 2091 1855 2140 ἔκγονοι
1871 2101 1950 2136 etc„
1968 2093 2102 2130 Comici
2121 2093 2250 2138 verbis,
2270 2095 2352 2142 qui·

1411 2145 1559 2182 buscum
1573 2147 1676 2195 plane
1685 2147 1772 2183 nihil
1785 2146 1917 2183 habent
1928 2158 2127 2193 commune,
2140 2147 2353 2184 illustrandis

1412 2201 1612 2239 conducere
1641 2203 1748 2238 stulte
1780 2201 1849 2238 sibi
1879 2202 2073 2249 persuasit:
2091 2201 2279 2251 Πάμφιλον,
2315 2211 2352 2238 ut

1411 2257 1569 2292 exactius
1584 2257 1832 2305 Aristophanis
1849 2258 1904 2293 vel
1922 2257 2052 2305 pictori
2068 2257 2122 2292 vel
2149 2265 2262 2305 poetae
2279 2265 2350 2293 tra—-

1410 2311 1490 2359 gico
1507 2312 1756 2359 responderet,
1772 2312 1925 2359 scripsit,
1947 2323 2052 2359 quem
2067 2323 2188 2346 01111105
2207 2310 2351 2360 Πάμφυ-

1409 2365 1464 2401 λον
1477 2366 1658 2414 appellant
1669 2379 1749 2403 cum
1766 2367 1875 2402 fratre
1887 2369 2018 2412 Dyma,
2035 2366 2196 2412 Dymane
2209 2365 2264 2401 vel
2281 2367 2352 2411 Dy-

1412 2427 1538 2463 mante,
1556 2421 1702 2467 AEgimii
1725 2420 1849 2456 filium.
1869 2423 1964 2467 Ergo
1993 2419 2109 2455 minus
2132 2427 2349 2466 accuratum,

1411 2473 1506 2521 quod
1527 2474 1573 2509 de
1598 2486 1663 2510 suo
1689 2474 1838 2522 largitus
1857 2483 1920 2519 est,
1947 2467 1992 2513 εἶς
2013 2474 2077 2508 τῶν
2099 2472 2320 2521 Ἡρακλειδῶν
2340 2488 2348 2496 ·

1411 2540 1613 2577 quanquam
1631 2528 1771 2576 utrique
1788 2540 1869 2564 cum
1889 2527 2081 2563 Heraclidis
2099 2526 2143 2561 ad
2165 2539 2347 2575 occupan-

1409 2581 1489 2618 dam
1523 2583 1806 2631 Peloponnesum
1837 2582 1988 2630 profecti
2024 2581 2218 2617 tradantur.
2248 2585 2350 2619 Nunc

1410 2644 1601 2685 utrumque
1622 2637 1837 2673 scholiasten
1855 2636 1978 2684 paucis
1993 2636 2155 2671 consen-e
2168 2634 2278 2680 lubet,
2296 2645 2348 2682 ut,

1409 2690 1497 2739 quid
1513 2698 1634 2727 noster
1649 2691 1708 2726 ille
1722 2690 1885 2726 acutulus
1903 2691 1938 2725 in
1955 2690 2066 2725 altero
2085 2691 2348 2738 corrumpendo

1409 2744 1477 2780 sibi
1498 2745 1699 2789 indulserit,
1720 2752 1887 2793 patescat.
1912 2745 1997 2780 Tale
2018 2751 2071 2780 est
2091 2743 2135 2779 ad
2155 2743 2346 2780 Pindarum

1408 2799 1645 2835 adnotationis
1672 2799 1813 2835 initium
1835 2812 1844 2834 :
1870 2797 2047 2848 Πάμφυλος
2075 2797 2131 2834 καὶ
2157 2797 2267 2846 Δύμας
2290 2798 2346 2834 καὶ

1407 2854 1518 2902 Δῶρος
1532 2852 1595 2888 υἱοὶ
1618 2854 1787 2902 Αἰγιμιοῦ·
1806 2851 1861 2902 ἀφ’
1873 2845 1917 2887 ὧν
1935 2850 2109 2901 Παμφυλὶς
2125 2849 2182 2887 καὶ
2202 2851 2346 2899 Δυμανὶς

1407 2908 1503 2955 φυλαὶ
1534 2908 1567 2943 ἐν
1594 2906 1833 2955 Λακεδαίμονι·
1862 2906 1920 2942 isti
1950 2908 2062 2950 Doro,
2086 2917 2131 2940 ne
2154 2904 2248 2941 tribu
2268 2918 2289 2941 a
2307 2918 2345 2942 se

1406 2970 1485 2997 orta
1494 2963 1600 2999 miser
1611 2971 1758 3006 careret,
1770 2961 1954 3010 prospexit
1965 2968 2098 3005 noster,
2113 2968 2346 3007 posterosque

1407 3016 1531 3052 tribuit
1545 3019 1674 3066 Δωρεῖς.
1693 3020 1768 3064 Ego
1783 3019 1919 3052 Dorum
1933 3015 2090 3052 Hellenis
2105 3013 2227 3055 fllium,
2241 3013 2345 3048 item-

1405 3084 1474 3119 que
1491 3072 1598 3107 alium
1609 3071 1767 3120 Neptuni
1783 3071 1942 3118 cognitos
1960 3068 2090 3110 habeo;
2105 3066 2245 3114 AEgimii
2262 3067 2341 3101 nul-

1406 3126 1490 3168 lum,
1510 3126 1647 3174 quippe
1673 3126 1747 3173 qui,
1763 3132 1852 3160 teste
1865 3123 2046 3171 Stephano
2064 3122 2101 3156 in
2121 3124 2246 3167 Δυμᾶν,
2264 3118 2342 3168 ἔσχε

1405 3180 1460 3216 δύο
1472 3182 1588 3221 παῖδας
1600 3180 1782 3230 Πάμφυλον
1797 3179 1852 3214 καὶ
1871 3180 2018 3224 Δυμᾶνα,
2037 3174 2159 3211 καὶτὸν
2173 3176 2230 3210 τοῦ
2244 3172 2341 3223 Ἡρα-

1404 3234 1514 3275 κλέους
1521 3234 1644 3271 ’Ὕλλον
1657 3233 1832 3278 ἐποιήσατο
1845 3232 1961 3281 τρίτον,
1975 3229 2068 3280 χάριν
2086 3226 2257 3268 ἀποδιδοὺς
2273 3229 2339 3263 ἀνθ’

1402 3283 1447 3325 ὧν
1463 3288 1628 3338 Ἡρακλῆς
1639 3286 1870 3325 ἐκπεπτωκότα
1887 3284 2083 3332 κατήγαγεν.
2096 3282 2269 3330 Quocirca
2284 3295 2339 3318 res

1403 3344 1478 3390 ipsa
1501 3343 1686 3390 diligenter
1712 3342 1934 3378 considerata
1960 3338 2082 3385 refingi
2103 3337 2219 3385 jubet,
2236 3336 2338 3383 Πάμ-

1403 3399 1498 3446 φυλος
1518 3396 1573 3433 καὶ
1589 3398 1703 3445 Δύμας
1720 3398 1869 3444 Δωριεῖς,
1893 3392 1953 3428 υἱοὶ
1988 3393 2152 3440 Αἰγιμιοῦ.
2172 3391 2339 3438 Sequitur

2181 3459 2216 3487 ³⁶
