2931 4012
545 449 617 488 52²

544 531 708 581 Ὄμηρος,
736 532 816 567 θεῶν
846 530 880 567 ἒν
907 528 1039 578 γούνασι
1073 534 1177 567 κεῖται
1210 532 1249 567 V.
1270 531 1313 567 Θ.
1326 532 1378 566 Μ,
1407 529 1486 566 ΑΜ.

596 586 678 630 346,
697 591 741 630 47
764 597 842 633 sqq.
863 597 934 621 om.
953 585 1058 620 etiam
1076 584 1121 621 Θ.
1134 588 1184 621 Μ.
1272 627 1275 630 Α

597 641 640 676 35
650 653 680 682 1,
697 653 720 686 9
734 638 882 676 δάπεδον.
901 638 982 680 τινὲς
994 637 1028 675 δὲ
1041 638 1300 687 ἀναγινώσκουσι
1312 639 1486 688 πάνθηρον,

544 695 763 731 παντοδαπῶν
782 693 899 744 ὀρνέων
921 693 1066 730 δεκτικόν
1088 696 1129 729 R.
1148 697 1188 729 V.
1215 695 1258 730 Θ.
1276 696 1368 729 Tum
1389 692 1487 727 addit

545 753 590 786 R.
609 747 732 795 λειμὼν
743 747 807 799 γὰρ
823 747 992 785 ὑπόκειται
1009 747 1064 784 καὶ
1082 747 1162 791 ἄνθη
1177 746 1330 795 ἀνειμένα
1347 752 1413 787 τοῖς
1428 746 1488 794 μύ-

546 817 637 843 σταις
655 803 689 838 ἐν
703 804 750 851 τῷ
767 802 880 852 πεδίῳ.
896 802 984 845 Quae
998 814 1044 837 ex
1057 802 1191 837 scholio
1207 814 1238 838 V.
1253 803 1322 843 343
1341 808 1423 837 sunt
1437 813 1488 836 re·

573 857 668 893 etita.

548 868 572 904 p
598 911 681 956 354,
699 911 741 946 18
755 923 807 958 sq.
825 910 878 946 ἐπὶ
893 912 1005 946 τοῦτον
1020 909 1074 946 τὸν
1089 908 1205 960 χρόνον
1219 908 1307 956 λέγει
1321 909 1488 960 Ἀρίσταρ-

546 980 604 1016 χος
622 980 700 1015 μεμ.
714 967 795 1002 Ald.
813 966 913 1002 Conf.
929 966 1042 1002 schol.
1060 966 1195 1010 v„372,
1211 971 1295 1008 44ο.
1310 963 1363 1000 ἐπὶ
1376 968 1486 1001 τοῦτον

546 1023 588 1057 V.
602 1046 639 1052 -
656 1033 699 1066 ¹9
722 1020 777 1056 τὸν
803 1019 899 1069 χορὸν
925 1033 996 1055 om.
1019 1023 1072 1054 Μ.’
1087 1017 1223 1069 μετρικὰ
1248 1022 1288 1055 V.
1306 1018 1421 1068 με’τρια
1439 1023 1483 1055 G.

1270 447 1546 485 ΑΒΝΟΤΑΤΙΟ
1572 448 1621 485 ΙΝ
1647 448 1807 487 SCHOL.

1543 531 1587 570 ὡς
1598 533 1653 566 νῦν
1667 531 1728 579 ἐκ(
1738 532 1819 567 fort.
1838 531 1912 580 ἐπὶ)
1945 534 2008 568 τῶν
2023 532 2216 584 μυστηρίων
2237 532 2314 574 ἔθος
2338 533 2391 573 Θ.
2405 556 2446 565 ⁴-
2463 537 2500 572 13

1541 583 1654 619 καὶ-
1672 578 1753 621 οἶδεν
1784 597 1855 621 non
1878 586 1963 622 satis
1986 586 2159 634 intelligo.
2179 586 2378 622 Videntur
2413 600 2501 624 non-

1541 639 1637 674 nulla
1653 639 1836 675 excidisse.
1863 643 1973 676 Dum.
2001 641 2223 677 Fritzschius
2248 648 2372 677 tentat
2394 640 2431 676 ὃν
2452 642 2499 677 καὶ

1541 692 1635 734 αὐτὸς
1649 693 1681 729 ἐν
1701 692 1822 737 Mem<
1838 694 1894 731 vei
1917 693 2095 743 ἔμπροσθεν
2116 695 2175 730 vel
2202 693 2376 744 ἐνδοτέρω
2394 696 2499 743 (infra

1543 748 1627 794 381)
1647 740 1743 785 οἶδεν.
1761 747 1816 795 καὶ
1834 747 2145 797 αὐτὸς-ἐξάγεσθαι
2160 761 2243 784 om.
2266 752 2323 785 M.
2349 742 2435 786 εἶδεν
2448 751 2499 795 Θ.,

1541 802 1601 849 qui
1625 799 1743 852 ἀπόρρ.
1768 796 1809 847 ἦν
1835 800 1877 838 τὰ
1904 804 2024 838 ἀπ.--
2045 808 2085 845 ι4
2113 797 2169 839 οὖν
2203 806 2260 839 Μ.
2277 801 2442 852 ἀποφέρει
2461 805 2498 840 Θ.

1543 856 1621 891 ΑΙιΙ.
1638 877 1686 883 -
1705 857 1747 892 16
1766 859 1879 893 τοῦτον
1896 856 2099 905 ἀποπέμπειν
2117 860 2177 902 V.‚
2193 857 2263 905 qui
2287 870 2334 902 ¹7
2355 856 2401 893 τὰ
2413 857 2497 906 ἀπόρ-

1542 923 1623 959 ρητα
1638 918 1719 958 post
1737 909 1906 954 Ἀθήνηθεν
1923 911 2036 959 ponit.
2051 911 2265 946 nolendum
2293 922 2381 946 esse
2404 911 2496 946 vide-

1544 971 1602 999 tur
1614 964 1810 1000 Dindoriio.
1823 984 1868 992 —
1887 966 1929 1000 18
1947 963 2115 1014 ἀπόρρητα
2135 958 2180 1008 ἦν
2196 962 2243 1000 τὰ
2262 968 2310 1000 V.
2335 963 2498 1014 ἀπόρρητα

1540 1017 1581 1054 τὰ
1593 1018 1635 1055 Θ.
1652 1018 1729 1054 ΛΙά.
1740 1017 1778 1054 τὸ
1789 1018 1868 1067 πρὸς
1879 1021 2015 1055 M.-2o
2027 1017 2049 1062 ἢ
2064 1017 2098 1060 ἐξ
2111 1017 2256 1066 Αἰγίνης
2271 1019 2496 1055 Fritzschius.

549 1096 588 1104 —
607 1086 653 1109 20
671 1072 768 1123 χορόν
792 1078 834 1110 V.
857 1072 971 1124 χρόνον
995 1074 1117 1109 ceteri.
1131 1072 1162 1109 εί
1176 1087 1208 1109 τι
1223 1073 1286 1123 ἄρα
1302 1076 1351 1108 Μ.
1371 1075 1486 1108 Locus
1512 1100 1515 1129 Ι
1540 1072 1710 1122 ἑμπορεῑον
1726 1076 1770 1109 V.
1784 1096 1823 1103 —-
1841 1085 1883 1108 αι
1912 1075 1929 1109 δ
1944 1072 2124 1123 Θωρυκίων
2149 1072 2232 1115 ταξ.
2256 1076 2305 1109 R.
2331 1073 2497 1124 ταξιάρχης

547 1139 619 1162 non
634 1127 771 1175 integer
786 1140 861 1164 esse
880 1128 1029 1164 videtur.
1048 1128 1189 1163 συνεῖδεν
1201 1128 1246 1164 Θ.
1265 1130 1315 1164 Μ.
1334 1127 1486 1162 συνειδεὶν

546 1184 588 1217 V.
610 1182 747 1218 συνιδεῖν
762 1185 805 1218 G.
820 1181 961 1218 σύνοιδεν
978 1182 1145 1217 Aut-21
1165 1180 1220 1217 καὶ
1240 1193 1309 1217 om.
1327 1183 1377 1216 M.
1392 1179 1486 1215 [dem

548 1236 692 1284 σύζυγον.
719 1236 752 1273 ἓν
776 1236 911 1284 σύζυγον
935 1236 1058 1273 scribit
1081 1235 1295 1272 Fritzschius
1313 1239 1365 1271 De
1378 1247 1484 1271 carm.

547 1298 650 1337 myst.
669 1294 731 1328 Ar.
754 1303 791 1339 p.
811 1292 868 1327 50.
884 1318 922 1323 -
935 1304 979 1326 αα
1007 1289 1152 1342 διχορίαν
1166 1291 1210 1327 Θ.
1236 1289 1397 1339 διχορείαν
1425 1302 1486 1324 ce-

548 1345 624 1381 teri.
636 1371 674 1376 -
690 1347 733 1380 23
751 1347 794 1385 ὡς
805 1344 841 1382 τὸ
855 1346 899 1386 εἰς
910 1343 1014 1381 Vacat
1026 1346 1069 1385 εἰς
1081 1344 1205 1381 δώδεκα
1224 1345 1270 1380 Θ.
1287 1370 1325 1375 -
1344 1345 1483 1388 24-34

548 1410 618 1435 om.
637 1399 741 1435 etiam
760 1401 803 1437 Θ.
822 1403 874 1435 Μ.

597 1455 681 1499 357,
699 1456 743 1491 36
773 1455 859 1504 Πρὸς
885 1455 1022 1491 addidit
1041 1453 1225 1490 Dobraeus.
1253 1454 1352 1490 Idem
1385 1455 1487 1490 alite·-

548 1511 724 1558 expressit
742 1510 864 1547 Suidas
882 1524 908 1546 s.
925 1513 956 1548 Τ
957 1510 1138 1561 αυροφάγον
1149 1536 1159 1552 ,
1176 1510 1298 1545 addito
1314 1510 1393 1560 φασὶ
1407 1509 1487 1561 ψεύ-

548 1563 657 1600 δεσθαι
675 1571 756 1612 post
772 1562 923 1601 ἔπαθλον.
943 1563 1151 1614 Ἀρίσταρχον
1170 1564 1306 1600 suidas.
1324 1565 1486 1612 Legeba-

550 1626 607 1655 tur
625 1617 853 1670 Ἀριστόξενον.
869 1645 907 1651 -
920 1621 963 1664 37
978 1617 1142 1667 οἰομένους
1158 1622 1203 1654 R.
1226 1627 1261 1654 et
1275 1619 1408 1655 Suidas.
1423 1620 1488 1655 οἰό-
1512 1622 1515 1640 Τ

549 1687 643 1721 μενος
658 1674 777 1709 ceteri.
789 1676 905 1723 ταῦρος
921 1675 1047 1709 ναυτῶν
1065 1673 1102 1709 τὸ
1118 1677 1159 1708 V.
1179 1673 1232 1709 lb.
1246 1672 1487 1724 εἴρηται-(44)

550 1725 694 1776 δράμασι
710 1727 800 1763 iufra
822 1735 902 1774 post
919 1729 983 1762 τῶν
1009 1727 1148 1763 θυόντων
1167 1728 1189 1763 l.
1209 1728 1253 1769 48
1278 1735 1414 1775 ponunt
1440 1731 1484 1764 V.

549 1783 592 1819 Θ.
609 1789 645 1817 et
658 1782 731 1829 (qui
751 1782 825 1817 haec
847 1789 978 1817 tantum
1005 1781 1117 1817 verba
1131 1783 1160 1817 ot
1183 1779 1218 1817 δὲ
1232 1780 1380 1817 ἔτι-τῶν
1404 1784 1488 1829 βακ-

549 1838 618 1885 χῶν
634 1835 756 1882 habet)
775 1838 823 1871 Μ.
838 1858 876 1865 —-
894 1837 939 1872 38
958 1834 1047 1885 παρὰ
1059 1834 1100 1872 τὰ
1114 1835 1192 1871 ΑΙά.
1211 1834 1299 1886 παρὰ
1316 1838 1364 1883 τῷ
1383 1837 1489 1886 2040-
1512 1849 1516 1866 ι

549 1890 620 1926 κλεῖ
633 1893 679 1925 G.
696 1913 735 1920 —
752 1891 798 1936 39
812 1889 867 1926 καὶ
881 1888 930 1925 ὅτι
948 1893 993 1926 R.
1013 1898 1049 1926 et
1065 1890 1204 1926 Suidas.
1218 1913 1258 1921 -
1271 1895 1315 1932 4ο
1330 1890 1488 1925 ἐπιτιθέα-

550 1958 600 1980 σιν
616 1944 694 1980 Ald.
712 1943 915 1993 ταυροφάγον
931 1941 964 1979 δὲ
978 1943 1057 1984 ἴσως
1070 1943 1165 1979 αὐτὸν
1183 1943 1237 1979 τὸν
1254 1945 1413 1993 Κρατῖνον
1430 1942 1487 1979 λέ-

549 2012 611 2046 γει,
621 1997 643 2042 ἢ
656 1999 698 2039 ὣς
711 1998 892 2046 λαίμαργον
899 1998 1081 2047 κωμῳδῶν,
1089 1997 1110 2043 ἢ
1119 1997 1169 2034 ὅτι
1179 1998 1316 2034 ἔπαθλον
1324 1997 1488 2045 ἐλᾶμὸανε

548 2056 664 2101 ταῦρον
679 2056 767 2100 neg.
794 2052 848 2088 lb.
869 2054 899 2088 ot
921 2051 954 2088 δὲ
981 2051 1031 2088 ὅτι
1045 2055 1085 2088 V.
1109 2054 1153 2089 Θ.
1176 2060 1212 2088 et
1236 2052 1353 2088 Suidae
1377 2052 1486 2088 codex

551 2108 659 2143 Paris.
673 2110 713 2142 Α.
726 2131 764 2137 -
780 2112 820 2149 4ῐ
840 2106 913 2143 ὅλον
929 2119 1000 2142 om.
1021 2107 1158 2144 Suidas.
1183 2107 1281 2142 Idem
1298 2106 1489 2142 ἀποδιδόασι

552 2159 677 2211 μητέρα
691 2159 853 2210 Κρατίνου
870 2159 942 2204 ἥτις
957 2162 1071 2208 βακχ.,
1087 2161 1239 2197 lectione
1257 2159 1410 2196 absurde
1428 2161 1487 2195 in-

553 2214 737 2262 terpolata,
757 2221 794 2249 ut
816 2221 909 2249 recte
925 2214 1085 2261 judicare
1105 2214 1246 2250 videtur
1269 2214 1486 2250 Dindorfius.

1541 1130 1587 1162 M.
1605 1135 1639 1163 et
1661 1127 1785 1163 Suidas
1805 1139 1833 1163 s.
1848 1127 2041 1177 Θωρυκίων.
2053 1150 2092 1158 -
2111 1139 2161 1163 22
2185 1128 2257 1163 τῶν
2275 1140 2357 1163 om.
2377 1131 2424 1164 R.
2437 1130 2496 1164 -3

1541 1182 1654 1217 ἐαυτοῦ
1672 1182 1779 1218 etiam
1794 1181 1932 1219 Suidas.
1949 1182 2045 1218 αὐτοῦ
2061 1181 2142 1218 Ald.
2159 1182 2298 1217 ἑαυτῶν
2315 1181 2396 1217 duo
2412 1183 2499 1218 eodi-

1542 1247 1598 1271 ces
1608 1236 1738 1272 suidae.
1753 1235 2024 1281 Πελοποννησίοις
2037 1238 2115 1277 ναῦς
2131 1234 2325 1286 προδιδοὺς
2340 1237 2401 1273 καὶ
2416 1236 2498 1285 Alv-

1540 1303 1597 1325 ναν
1616 1288 1673 1333 τὴν
1693 1291 1806 1326 ἑαυτοῦ
1834 1289 1975 1339 πατρίδα
2002 1292 2088 1337 Reg.
2103 1311 2140 1320 --
2158 1295 2207 1332 ²4
2236 1301 2297 1337 sq.
2318 1286 2358 1325 δὲ
2373 1300 2444 1324 om.
2458 1291 2489 1323 M

1540 1344 1719 1394 Θωρυκίων
1730 1358 1782 1394 γρ.
1799 1348 1843 1381 V.
1862 1343 2063 1394 Θωρυκίωνα
2080 1358 2131 1394 γρ.
2152 1344 2200 1381 Θ.
2220 1343 2338 1380 Idem
2353 1342 2499 1391 μιμούμε-

1540 1412 1599 1435 νοι.
1628 1399 1737 1447 Apud
1751 1399 1916 1444 Suidam,
1934 1400 1964 1434 οἱ
1987 1397 2022 1434 δὲ
2041 1397 2090 1434 ὅτι
2113 1397 2175 1434 τὸν
2203 1397 2429 1448 Θωρακίωνα
2450 1412 2497 1446 μι-

1542 1451 1699 1501 μούμενος
1710 1451 1744 1493 ὃς
1757 1446 1797 1497 ἦν
1814 1451 1987 1500 Αἰγινήτης
1999 1450 2177 1502 ταξίαρχος
2212 1459 2291 1488 etc.
2316 1468 2334 1484 ι
2354 1453 2417 1489 Bis
2427 1464 2498 1488 cor-

1540 1507 1656 1554 rigere
1680 1507 1761 1542 licet
1782 1507 1958 1557 Θορικίων.
1986 1507 2069 1543 Fuit
2088 1507 2192 1542 enim
2215 1505 2375 1557 Θόραος
2403 1519 2499 1555 pagus

1512 1573 1514 1582 ⁴
1542 1559 1655 1596 tribus
1681 1561 1939 1605 Acamantidis,
1966 1560 2067 1609 cujus
2095 1560 2186 1609 pagi
2210 1561 2282 1608 qui
2311 1568 2424 1606 esset,
2442 1568 2496 1596 tam

1541 1614 1692 1665 Θορίκιος
1712 1628 1816 1663 quam
1838 1614 1994 1665 Θορικιῦς
2020 1615 2301 1662 appellabatur.
2333 1618 2384 1651 At
2409 1616 2495 1665 Θορι-

1540 1667 1619 1705 κίων
1638 1667 1683 1705 ὣν
1713 1681 1821 1717 quum
1847 1669 2000 1717 pei-mire
2020 1669 2162 1705 dictum
2192 1675 2272 1711 est,
2300 1677 2381 1705 tum
2400 1678 2495 1706 metro

1542 1735 1686 1771 prorsus
1707 1731 1893 1771 repugnat.
1920 1727 2084 1760 Fortasse
2101 1735 2152 1759 ex
2177 1723 2303 1760 suida
2329 1737 2493 1774 reponen-

1541 1776 1625 1812 dum
1639 1776 1820 1828 Gmpoexfiay
1838 1792 1890 1828 γρ.
1908 1777 1980 1813 ἀντὶ
1993 1776 2122 1817 τοῦτὸν
2146 1778 2380 1828 Θωρακίωνα
2406 1792 2471 1826 μιμ.
2482 1795 2494 1810 ι

1541 1833 1729 1868 Fumea.
1747 1832 1769 1869 Ι.
1787 1844 1817 1867 c.
1839 1845 1875 1880 p.
1895 1832 1951 1879 59.

1592 1886 1674 1930 363,
1691 1898 1733 1931 27
1753 1899 1823 1922 om.
1838 1888 1880 1923 R.
1900 1890 1944 1923 V.
1963 1890 2095 1934 Regms
2111 1898 2121 1923 ε
2143 1886 2418 1936 Εἰκοσ-εολόγος,
2433 1888 2491 1937 πρὶν

1513 1939 1515 1942 ’
1541 1938 1596 1975 καὶ
1624 1939 1764 1984 τελώνης
1792 1939 1945 1990 ὑπάρχων
1969 1940 2218 1989 (Thorycion)
2250 1942 2315 1979 καὶ
2343 1945 2402 1986 τῆς
2420 1942 2491 1978 :uim

1512 2015 1517 2274 Ι

1542 1993 1667 2043 μοίρας.
1683 1995 1713 2029 οἱ
1727 1994 1864 2030 τελῶναι
1879 1992 1914 2030 δὲ
1931 1992 2084 2044 πρότερον
2103 1992 2169 2040 μὲν
2182 1994 2421 2039 πεντηκοστὴν
2430 2000 2489 2043 μοῖ-

1543 2062 1601 2096 ραν
1620 2049 1683 2084 τῶν
1698 2048 1946 2097 ἀπαιτουμένων
1961 2047 2153 2095 ἕλάμὸανον
2166 2077 2178 2095 ,
2202 2051 2265 2086 καὶ
2287 2063 2489 2094 πεντηκοστο-

1542 2101 1634 2151 λόγοι
1657 2104 1849 2140 ἐκαλοῦντο·
1872 2097 1940 2140 εἶτα
1967 2103 2214 2152 εἰκοστολόγοι,
2243 2105 2308 2142 καὶ
2332 2107 2488 2141 τελευταῖον

1543 2160 1758 2208 δεκατολόγοι.

1595 2216 1677 2260 364,
1689 2212 1744 2250 ¹32
1762 2216 1887 2266 γράψας
1903 2218 1921 2251 ὁ
1935 2213 2117 2265 Θωρυκίων
2133 2216 2278 2252 Suidas
2293 2229 2324 2252 s.
2342 2216 2487 2264 Ἀσιώμε-

552 2266 807 2315 Improbabilia
832 2268 1032 2315 suspicatur
1058 2269 1270 2304 Fritzschius
1306 2272 1360 2304 De
1382 2281 1487 2304 carm.
1515 2277 1517 2291 ¹
1543 2283 1595 2305 τα.
1612 2267 1737 2319 ἔπεμψε
1751 2273 1795 2306 R.
1813 2293 1850 2300 -
1865 2272 1909 2306 33
1934 2269 2122 2316 ἀσκώματα
2150 2268 2201 2306 τὰ
2228 2271 2267 2306 ἐν
2295 2276 2370 2312 ταῖς
2387 2270 2486 2311 auitum

552 2330 658 2370 myst.
681 2334 719 2369 p.
749 2322 854 2357 55.-
871 2327 918 2364 42
942 2320 964 2356 ἄ
984 2322 1068 2365 εἰσι,
1094 2322 1139 2364 43
1168 2320 1328 2369 τολμηρόν
1352 2323 1488 2358 Suidas.
1514 2303 1518 2372 1
1543 2323 1766 2373 σκεπαστήρια
1783 2325 1821 2360 ἐκ
1837 2323 2010 2374 δέρματος,
2039 2317 2086 2364 οἶς
2100 2326 2268 2373 χρῶνται
2288 2326 2324 2361 ἐν
2340 2331 2408 2367 ταῖς
2418 2323 2486 2375 τριή-

553 2376 703 2426 τολμηρά
718 2378 757 2411 V.
774 2377 818 2414 Θ.
835 2378 881 2411 Μ.
898 2376 928 2411 οἱ
943 2374 976 2411 δὲ
988 2374 1118 2422 λέγουσι
1130 2375 1280 2425 τολμηρά
1297 2376 1340 2412 R.
1358 2378 1489 2425 βακχῶν

551 2434 600 2466 Μ.
617 2439 651 2466 et
664 2430 804 2467 Suidas.
821 2429 954 2477 βάκχων
970 2429 1049 2465 ΛΙά.
1064 2430 1254 2477 Sequentia
1268 2442 1336 2465 om.
1352 2431 1489 2467 Suidas.

552 2485 722 2534 τολμηρῶς
739 2487 796 2528 R„
809 2484 872 2531 qui
887 2488 931 2525 44
950 2481 1152 2531 βωμολόχοις
1167 2482 1200 2518 δὲ
1218 2478 1339 2519 οη].”-
1354 2490 1371 2525 4
1381 2486 1399 2519 5
1412 2484 1490 2533 πρὸς

552 2537 722 2575 κολακείαν
739 2538 820 2574 ΑΙά.
833 2560 872 2567 --
893 2541 937 2581 47
958 2536 1188 2584 μετενήνεκται
1205 2539 1247 2573 V.
1276 2536 1490 2586 μετήνεγκται

552 2597 597 2630 R.
612 2594 692 2628 Ald.
712 2591 907 2639 μετήνεκται
921 2592 1049 2627 Suidas
1073 2605 1101 2628 ⁵.
1118 2591 1323 2641 Βωμολόχος.
1351 2593 1404 2628 ἐπὶ
1425 2595 1489 2628 τῶν

553 2647 657 2683 idem.
673 2646 872 2694 Legebatur
884 2645 947 2680 ὑπὸ
961 2648 1038 2682 τῶν.
1054 2646 1109 2682 τὸν
1127 2646 1236 2695 βωμὸν
1250 2650 1294 2683 V.
1310 2670 1348 2677 —
1362 2647 1408 2683 48
1422 2648 1490 2683 ἐλι-

553 2700 676 2750 πάρουν
691 2700 826 2736 Suidas.
840 2714 873 2736 τι
890 2699 1002 2736 λαὸεῖν
1014 2704 1057 2735 V.
1082 2702 1124 2737 Θ.
1150 2700 1224 2750 περὶ
1242 2702 1306 2737 τῶν
1330 2704 1373 2736 R.
1390 2724 1429 2731 -
1446 2703 1489 2736 50

555 2754 739 2802 legebatur
756 2752 793 2789 τὸ
815 2753 898 2800 μηδὲ
917 2756 980 2804 Κρ.
993 2777 1025 2783 -
1045 2766 1064 2788 2
1078 2766 1129 2802 sq.
1144 2760 1214 2795 ταῖς
1228 2755 1366 2804 βάκχαις
1379 2758 1420 2791 G.
1436 2754 1491 2796 τὰς

555 2807 682 2857 βάκχας
693 2810 736 2842 V.

606 2863 689 2897 362.
702 2864 849 2896 Lemma
861 2873 935 2896 csse
948 2861 1101 2897 debebat
1111 2861 1298 2912 τάπόρρητ’.
1311 2885 1349 2893 -
1366 2876 1407 2899 ιο
1418 2863 1492 2904 τοὺς

554 2914 763 2959 ποιήσαντας.
778 2914 885 2959 Quod
904 2915 1031 2961 plurali
1046 2928 1194 2952 numero
1210 2929 1294 2951 usus
1309 2925 1374 2960 est,
1391 2918 1487 2953 indi-

554 2972 610 3006 cio
630 2982 706 3005 esse
727 2969 866 3005 videtur
887 2968 976 3004 alios
992 2970 1099 3005 alium
1123 2970 1197 3016 ejus
1218 2970 1343 3006 fabulae
1363 2980 1489 3007 aucto-

555 3038 629 3062 rem
644 3023 878 3073 perhibuisse.
897 3025 1058 3059 anx.
1074 3025 1162 3060 Hist.
1179 3027 1277 3059 Com.
1291 3036 1325 3071 p.
1341 3038 1397 3069 70.
1415 3029 1490 3062 No—

557 3088 606 3115 tat
622 3079 871 3127 grammaticus
888 3075 1056 3127 ἀπόρρητα
1067 3105 1077 3122 ,
1095 3078 1191 3125 quod
1205 3080 1379 3114 inter-dicta
1398 3081 1490 3128 apud

555 3135 831 3182 Aristophanem
855 3133 1046 3180 significat,
1068 3132 1113 3168 de
1141 3137 1273 3167 secretis
1300 3132 1432 3168 dictum
1455 3135 1490 3169 in

556 3189 673 3225 sabula
691 3189 934 3224 Pherecratea.
955 3190 1117 3223 Ceterum
1138 3195 1365 3234 comparetur
1381 3187 1489 3223 schol.

555 3244 599 3279 ad
629 3244 771 3280 Thesm.
807 3244 887 3287 370.
921 3245 1036 3277 Dum.
1065 3244 1183 3277 Recte.
1218 3241 1412 3276 Fritzschio
1438 3245 1490 3277 De

555 3310 662 3335 carm.
679 3305 777 3344 myst.
804 3309 839 3344 p.
860 3297 905 3341 57
923 3308 1028 3332 nemo
1051 3296 1152 3332 facile
1168 3296 1379 3332 assentietur
1392 3323 1401 3339 ‚
1420 3295 1491 3337 τοὺς

555 3350 818 3392 ὑποπτεύσαντας
840 3351 1042 3398 corrigenti.
1055 3374 1094 3382 --
1114 3364 1150 3385 u
1169 3350 1311 3395 ἤκουσαν
1332 3350 1490 3385 Dindor-

555 3407 629 3443 iius.
648 3404 847 3452 Legebantur
861 3404 1005 3448 ἥκουσιν.
1036 3404 1171 3450 ἤκουσεν
1185 3404 1428 3443 Dobraeus.-.
1448 3417 1488 3440 ια

1515 2375 1518 2417 Ι

1515 2552 1519 2668 ἔ

1545 2392 1613 2428 ρεσι
1634 2378 1771 2414 suidas.
1798 2377 1881 2422 ὃέν,
1911 2379 1954 2419 34
1976 2375 2060 2413 καθὰ
2088 2380 2111 2422 ἡ
2146 2381 2193 2414 V.
2218 2379 2302 2415 καθ’
2321 2380 2341 2416 ὃ
2364 2381 2484 2431 τρῆμιῆ

1545 2432 1680 2468 Suidas.
1700 2432 1797 2468 -35
1812 2431 1904 2473 πόλις
1931 2430 2107 2475 Λακωνική
2139 2435 2204 2477 V„
2230 2446 2312 2471 om.
2343 2438 2385 2471 G.
2408 2450 2421 2465 ι
2439 2436 2484 2469 So

1515 2520 1518 2543 1
1546 2487 1700 2523 muiabat
1713 2487 1757 2522 de
1772 2487 2017 2534 eei-Epidauro,
2028 2487 2087 2521 cui
2101 2499 2323 2535 cognomen
2335 2490 2426 2532 fuitf,
2440 2491 2484 2524 Az-

1545 2542 1645 2593 μηρά.
1661 2561 1674 2574 υ
1691 2544 1902 2578 Frtezscmus.
1922 2541 2105 2592 Δυρράχιον
2132 2550 2191 2578 est
2219 2545 2260 2579 in
2288 2545 2349 2588 Θ.,
2366 2543 2484 2580 librario

1545 2596 1590 2632 de
1607 2596 1806 2644 Epidamno
1822 2597 2009 2644 cogitante.

1595 2650 1664 2685 365
1679 2655 1809 2700 προεῖτο
1827 2648 1888 2699 γὰρ
1903 2648 2060 2699 χρήματα
2075 2648 2194 2685 πολλὰ
2212 2650 2346 2697 (πολλὰ
2356 2651 2484 2701 χρήματα

1544 2705 1587 2740 Θ.
1597 2703 1721 2745 πόλεως
1732 2703 1887 2754 χρήματα
1903 2703 1965 2751 Μ.)
1978 2704 2084 2751 Κῦρος
2100 2703 2386 2756 Λυσάνδρφτότε
2395 2704 2484 2746 εἰςπό·

1544 2758 1641 2805 λεμον
1660 2761 1704 2796 V.
1721 2759 1763 2796 Θ.
1784 2761 1830 2794 Μ.

1595 2813 1676 2856 366,
1693 2818 1711 2854 4
1721 2826 1733 2848 ι
1752 2812 1915 2860 εἰσήνεγκε
1928 2812 2035 2862 δρᾶμα
2050 2810 2107 2847 καὶ
2125 2813 2271 2853 Suidas
2283 2828 2314 2851 s.
2332 2815 2487 2862 Kamai.

1545 2871 1612 2907 -42
1641 2866 1847 2910 κατετίλησεν
1879 2866 1976 2909 αὐτῆς
2001 2865 2148 2903 SuidaS.
2183 2869 2388 2914 κατείλησεν
2412 2871 2487 2909 αὐτὴν

1545 2922 1585 2954 V.
1608 2918 1814 2963 κατετίλησεν
1832 2918 1932 2962 αὐτὴν
1949 2921 2000 2955 Μ.
2015 2919 2265 2966 καθωμίλησεν
2289 2923 2391 2968 αὐτὴν
2412 2924 2450 2959 Θ.
2463 2947 2488 2953 ...

1546 2978 1565 3015 4
1584 2973 1740 3022 ἠρυφίασε
1759 2973 1893 3008 Suidas.
1911 2971 2097 3023 ἐγεφυρίαζε
2109 3000 2121 3018 ,
2148 2978 2413 3021 cavillabatur,
2431 2981 2487 3011 iu«-

1544 3026 1667 3069 debat,
1694 3029 1913 3062 Heu-mannus
1930 3038 1986 3073 ap.
2005 3027 2263 3067 Fritzschium
2276 3060 2287 3077 ‚
2306 3033 2370 3080 qui
2393 3045 2434 3068 ex
2451 3031 2491 3065 Al-

1545 3079 1628 3116 dino
1641 3081 1774 3116 scholio
1791 3081 1894 3128 ponit
1905 3080 2158 3129 ἐπανηγυρίαζε.
2177 3108 2216 3114 -
2229 3086 2281 3127 43
2296 3087 2345 3127 εἷς
2360 3086 2450 3129 αὐτήν
2459 3085 2489 3120 θ.

1544 3137 1591 3170 Μ.
1609 3135 1799 3182 Sequentia
1813 3146 1883 3171 om.
1900 3133 2004 3169 etiam
2020 3135 2065 3170 Θ.
2083 3137 2139 3172 Μ.

1596 3190 1678 3233 367,
1699 3188 1744 3223 50
1762 3189 1805 3227 εἷς
1829 3186 1977 3237 ἀργύριον
1997 3187 2159 3226 codices.
2173 3191 2291 3229 eous.
2310 3195 2421 3231 schol.
2435 3195 2488 3229 Ec-

1545 3243 1626 3279 cles.
1644 3255 1722 3277 102.
1736 3264 1773 3272 --
1790 3242 1833 3277 52
1851 3241 2017 3288 ἱστάμενοι
2034 3239 2231 3281 iidem--x
2253 3245 2312 3284 διὰ
2329 3247 2385 3285 τὸν
2401 3245 2491 3295 Ἀγύρ-

1545 3309 1610 3346 ριον
1628 3296 1835 3335 Brunckius.

1595 3352 1676 3386 368.
1701 3353 1789 3387 Cum
1815 3351 1885 3386 hoc
1911 3349 2049 3385 scholio
2079 3362 2265 3401 compara
2299 3354 2489 3393 Philemonis

1547 3405 1699 3441 Lexicon
1713 3417 1745 3440 v.
1757 3403 1859 3447 Τέλος
1870 3412 1905 3440 et
1917 3404 2150 3445 Favorinum.
2167 3431 2208 3439 -
2221 3410 2248 3444 8
2264 3410 2445 3460 Euripidis
2455 3419 2487 3443 a
