2931 4012
592 401 664 436 “o

590 476 783 516 iambicum
812 490 893 514 cum
921 477 1154 526 ithyphalltco
1188 477 1424 524 compositum
1455 488 1531 511 esse

591 533 776 569 credamus
789 559 799 577 ,
834 534 916 568 licet
947 534 1044 570 nulla
1069 532 1154 567 dum
1193 532 1260 567 alia
1284 531 1390 578 hujus
1427 531 1530 571 metri

591 587 753 635 exempla
782 588 1012 624 innotuerint.
1029 591 1137 624 Dum.
1150 610 1191 618 —
1216 599 1258 622 ια
1283 587 1316 622 δὲ
1334 598 1405 622 om.
1425 589 1468 623 R.
1487 589 1529 621 V.

588 664 627 673 —
646 642 688 677 15
716 642 946 690 συνδυστυχεῖν
970 643 1057 691 αὐτῷ
1079 641 1153 680 ΑΙά.
1180 644 1345 678 Ceterum
1371 640 1530 676 scholion

590 696 659 732 hoc
675 694 1056 745 τινὶς-συνδυστυχεῐν,
1085 696 1232 743 proefixo
1254 694 1376 739 ἄλλως,
1396 694 1531 730 scholio

590 749 636 785 ad
654 763 687 787 v.
706 750 772 794 175
792 751 887 797 (post
902 749 1064 795 κλέπτων,
1079 750 1104 787 l.
1125 749 1182 796 31)
1199 748 1362 800 adjungit
1377 751 1418 784 V.
1434 771 1473 778 —
1490 748 1531 782 16

591 804 670 850 δημ.
689 803 722 844 ὃς
734 803 949 852 ἄνεδημεύθη,
971 817 1010 848 17
1030 816 1108 853 φησι
1121 811 1156 839 et
1172 802 1311 848 κλοπὴν,
1330 815 1372 850 19
1386 801 1419 838 δὲ
1435 801 1533 851 ἀργύ-

591 871 655 908 ριος
672 858 844 894 codex.-
862 871 906 904 ²7
928 857 1162 907 βελωνοπώλην
1176 861 1262 907 Reg.

644 912 725 957 175,
742 913 788 948 32
805 914 822 948 ὁ
837 912 894 953 τὰς
912 914 943 960 β.
958 926 995 948 π.
1011 925 1082 948 0111.
1098 914 1139 948 G.

571 984 574 987 ·
645 967 711 1011 176
739 965 902 1016 Ἀργύριος
931 967 1010 1003 Ald.
1040 975 1076 1004 et
1103 967 1197 1003 insta
1224 963 1400 1016 Ἀργύριον.
1424 988 1461 994 -
1486 965 1531 1001 36

590 1029 672 1068 post
691 1021 787 1057 αὐτὸν
807 1021 888 1057 fort.
907 1021 1110 1058 addendum
1127 1021 1290 1071 κωμῳδεῖ.
1305 1024 1416 1057 Dum.
1433 1043 1471 1052 -
1487 1022 1531 1069 37

589 1072 643 1110 ὅτε
659 1077 702 1112 G.
722 1073 798 1110 ὅταν
816 1078 880 1120 V.,
903 1083 1054 1124 uterque
1083 1074 1208 1126 πάσχῃ.
1236 1075 1399 1120 Ἀθηναῖος
1421 1083 1455 1110 et
1486 1075 1531 1110 38

588 1132 740 1165 τοσοῦτον
761 1138 798 1164 et
825 1134 869 1170 40
899 1134 1034 1180 στρηνιᾷ
1063 1142 1132 1167 om.
1158 1133 1202 1165 R.
1217 1157 1255 1162 -
1280 1136 1324 1171 42
1349 1128 1533 1180 ἐκερδάκιζε

590 1185 698 1219 Paris.
713 1185 799 1232 (non
817 1186 933 1232 1111ςρ-
956 1188 996 1221 In
1016 1183 1109 1223 libro
1130 1185 1323 1232 Poggiano,
1350 1185 1411 1232 qui
1437 1183 1531 1220 idem

589 1237 746 1273 scholion
765 1237 884 1281 habet,
901 1238 1073 1287 scriptum
1090 1247 1155 1284 est,
1168 1236 1238 1274 ὅθεν
1258 1237 1444 1287 πορίζεσθαι
1463 1237 1531 1286 βίον

589 1292 772 1340 ἕκορδάκιζε
800 1292 855 1327 καὶ
886 1291 1102 1342 ἔπερδε--ἵνα
1127 1292 1213 1343 λάὸῃ
1232 1295 1356 1343 ἀργ.-
1371 1295 1415 1336 43
1444 1292 1531 1342 λάὸῃ

588 1349 688 1394 Reg„
707 1347 769 1394 qui
789 1352 832 1388 44
852 1347 969 1389 addit,
988 1346 1089 1397 ἕτεροι
1107 1347 1135 1383 δ’
1151 1347 1205 1383 ἐπὶ
1224 1347 1400 1395 θρασύτητι
1421 1350 1531 1383 τοῦτον

588 1401 812 1449 κωμῳδοῦσιν.

644 1467 721 1498 ¹77,
741 1456 785 1495 46
803 1454 959 1503 Φιλέψιος
976 1454 1010 1491 δὲ
1030 1470 1065 1491 π.
1082 1455 1138 1494 καὶ
1152 1455 1249 1498 λάλος
1270 1455 1413 1506 ἱστορίας
1426 1455 1531 1503 λέγων

589 1507 737 1558 ἐτρέφετο
754 1512 795 1544 V.
807 1536 845 1541 -
855 1519 899 1553 47
914 1508 970 1543 καὶ
987 1509 1172 1559 τερατώδης
1184 1514 1227 1546 R.
1247 1510 1533 1561 τερατώδης-κω-

590 1562 683 1609 μικός
707 1574 779 1598 0111.
807 1566 851 1597 V.
883 1566 968 1597 Post
988 1562 1199 1599 διαὸάλλεται
1216 1567 1262 1600 R.
1283 1565 1399 1613 pergit
1423 1565 1531 1600 λαλῶν

588 1614 929 1666 ἱστορίας-ἐτρέφετο,
949 1624 989 1651 ut
1002 1619 1045 1652 V.
1057 1640 1098 1648 -
1111 1622 1157 1663 49
1177 1615 1277 1654 δὲκαὶ
1295 1618 1437 1667 ἱστορίας
1451 1621 1532 1653 V.-

592 1670 637 1703 52
658 1670 841 1716 legendum
867 1669 992 1717 ἔθελγε,
1020 1670 1116 1719 quod
1144 1671 1296 1719 conjecit
1310 1673 1531 1718 Dindorfius‚

588 1735 632 1757 ex
653 1724 778 1770 Regio.

642 1780 710 1821 178
728 1790 797 1813 oin.
814 1781 872 1825 V.‚
890 1786 1021 1826 praeter
1037 1791 1078 1815 ea
1095 1791 1175 1827 quae
1191 1779 1284 1817 infra
1298 1793 1344 1816 ex
1361 1793 1404 1817 eo
1422 1793 1531 1831 appo—

588 1839 734 1867 nuntur.
746 1855 784 1862 —
808 1845 861 1867 10.
879 1836 973 1868 Vera
1002 1834 1156 1870 nominis
1173 1834 1285 1871 forma
1303 1834 1533 1884 Ψαμμήτιχος

588 1893 653 1932 est,
669 1886 714 1922 de
725 1899 795 1934 qua
814 1899 847 1921 v.
864 1888 956 1922 Duk.
969 1887 1014 1923 ad
1031 1888 1194 1935 Thucyd.
1211 1901 1242 1935 1,
1267 1894 1345 1931 1⁰4.
1366 1891 1412 1926 Et
1425 1891 1531 1938 Ψαμ-

588 1938 727 1989 μήτιχος
746 1951 842 1977 recte
866 1941 903 1977 in
931 1942 1042 1996 schol.
1069 1945 1177 1991 Vesp.
1199 1944 1280 1988 716.
1303 1947 1413 1980 Dum.
1428 1941 1467 1977 .-’.
1486 1958 1530 1981 20

587 1996 659 2031 imo
686 1998 750 2032 τῶν
777 1997 925 2047 Περσῶν.
939 2011 1035 2034 -22
1056 2004 1121 2040 τοῖς
1145 2012 1216 2036 0111.
1243 2003 1286 2035 G.
1299 2023 1337 2030 -
1351 2001 1395 2036 23
1415 2002 1528 2037 corri-

587 2051 738 2098 gendum
753 2052 911 2102 μυριάδας
921 2058 1003 2104 τρεῖς
1013 2066 1057 2089 ex
1071 2055 1208 2090 scholio
1220 2055 1415 2103 superiore.
1426 2057 1528 2092 Coni'.

587 2105 696 2141 schol.
716 2108 821 2153 Vesp.
844 2107 925 2151 716.
940 2110 1051 2143 Dum.
1067 2109 1123 2145 Ad
1138 2110 1320 2157 sequentia
1330 2110 1453 2146 confer
1471 2112 1528 2146 in—

587 2160 985 2206 terpretes'l'hucydidis
1002 2174 1033 2205 1,
1050 2167 1115 2204 104
1125 2171 1161 2198 et
1175 2176 1301 2210 109.—
1314 2176 1358 2208 27
1376 2163 1456 2216 πρὸς
1470 2164 1528 2210 τὴν

587 2214 800 2248 Paris—28
820 2214 1069 2258 ἀναπλώσαντες
1094 2217 1224 2263 Paris.²
1254 2231 1325 2255 non
1346 2222 1446 2268 Reg„
1467 2222 1530 2269 qui

588 2266 692 2302 etiam
708 2265 808 2303 ἕλεσι.
831 2266 910 2302 ΑΙά.
929 2276 964 2303 et
985 2269 1092 2307 Paris.
1109 2269 1235 2316 ἔλλησι,
1254 2272 1352 2321 quod
1373 2275 1528 2312 correxit

587 2320 787 2356 Hemsterh.
1378 2328 1383 2338 ¹

639 2388 719 2422 179,
735 2375 778 2420 37
792 2383 873 2411 ante
885 2375 937 2412 ἴνα
951 2377 1102 2414 indicavi
1115 2380 1288 2416 lacunam.
1303 2384 1415 2419 Dum.
1431 2386 1528 2420 Inter

587 2429 775 2466 Chabriam
796 2431 943 2478 (olymp.
966 2444 1025 2478 91,
1044 2433 1081 2482 α)
1098 2441 1134 2469 et
1151 2435 1314 2471 Dioclem
1335 2436 1396 2483 (ol.
1415 2451 1475 2485 92,
1490 2438 1526 2487 4)

584 2484 773 2519 archontes
797 2486 878 2520 anni
907 2486 1083 2523 intersunt
1117 2490 1301 2537 quinque:
1319 2492 1415 2538 quod
1442 2506 1527 2540 ergo

585 2540 757 2587 sequitur,
776 2537 844 2575 ἔστι
863 2539 899 2575 δὲ
912 2539 971 2582 ἕως
983 2541 1155 2583 Διοκλέους
1172 2542 1228 2587 ἔτη
1249 2542 1299 2591 ιδ’,
1317 2558 1440 2582 eoi-um
1462 2547 1527 2583 ini-

585 2593 671 2627 tium
690 2600 742 2628 est
756 2605 777 2627 a
795 2594 904 2629 Laide
916 2602 996 2630 nata
1010 2596 1226 2633 ducendum.
1240 2598 1350 2635 Simul
1366 2610 1525 2648 apparet,

584 2644 660 2680 haec
678 2657 758 2680 eum
775 2646 808 2680 in
825 2646 970 2682 modum
987 2660 1063 2684 esse
1082 2651 1232 2701 scripta²
1252 2660 1303 2699 ut,
1323 2655 1409 2701 quin
1425 2655 1526 2703 prio-

587 2710 659 2733 rem
678 2698 815 2732 Plutum
833 2699 867 2733 in
889 2700 1052 2737 manibus
1073 2702 1235 2750 haberet,
1253 2715 1437 2742 enarrator
1460 2708 1526 2745 iste

585 2763 655 2786 non
674 2750 856 2787 dubitarit.
873 2755 1053 2790 Hans-12—
1066 2763 1111 2800 4o
1127 2758 1280 2808 ἐπαίρειν.
1295 2760 1417 2797 Potius
1432 2761 1525 2800 duco

584 2806 736 2841 ἐπαινεῖν.
758 2808 941 2842 Ηιιιιετ.-
955 2815 997 2850 41
1016 2810 1133 2847 Φάωνι
1146 2812 1301 2849 Clinton.
1318 2816 1412 2852 Fast.
1429 2817 1521 2853 Heli.

583 2860 656 2896 vol.
685 2873 724 2904 a,
748 2873 784 2911 p.
810 2873 875 2907 99,
893 2870 927 2897 et
946 2865 1140 2901 Meinekius
1158 2867 1249 2904 nist.
1264 2870 1361 2904 Com.
1382 2882 1417 2919 p.
1445 2871 1523 2916 187.

583 2913 781 2961 Legebatm·
798 2915 948 2965 Φαίδρῳ.
961 2944 1000 2950 -
1017 2923 1061 2959 4α
1084 2920 1282 2962 Φιλοκλέους
1299 2925 1434 2959 Hemst.
1456 2928 1524 2961 Le-

582 2968 732 3016 gebatur
748 2968 929 3010 Διοκλέους.
949 2972 1031 3007 Fuit
1056 2982 1172 3010 autem
1192 2976 1364 3015 Philocles
1382 2991 1521 3026 epony-

583 3036 659 3058 mus
683 3023 817 3071 olymp.
836 3037 894 3070 97,
916 3039 946 3062 1.
971 3030 1055 3062 Post
1073 3028 1170 3072 αὖτῆς
1193 3031 1364 3068 excidisse
1382 3032 1524 3070 videtur

582 3076 796 3125 μεμνημένος.
818 3081 977 3114 Dmn.-
990 3087 1034 3122 44
1052 3082 1104 3117 τὸν
1123 3084 1156 3117 ἐν
1173 3088 1238 3124 τοῖς
1259 3083 1521 3136 Ἀριστοφανείοις

582 3130 841 3178 ἐγγεγραμμένον
861 3133 1014 3181 δράμασι.
1037 3136 1291 3181 Scribendum,
1323 3148 1428 3188 puto,
1466 3142 1520 3177 τόν

581 3198 663 3219 τισιν
686 3184 952 3233 Ἀριστοφανείοις
978 3189 1254 3238 ἐπιγεγραμμένον
1283 3191 1463 3241 δράμασιν,
1484 3204 1520 3230 ut

581 3250 701 3273 sensus
716 3239 780 3282 sit,
803 3253 931 3276 nomeu
951 3242 1148 3280 Philonidis
1161 3245 1288 3281 sabulis
1307 3248 1518 3294 quibusdam

582 3291 831 3339 Aristophanis
869 3294 1080 3343 inscriptum
1116 3299 1240 3342 fuisse3
1279 3301 1351 3336 sive
1388 3314 1517 3340 nomen

582 3344 776 3381 Philonidis
791 3358 856 3393 pro
874 3350 1123 3399 Aristophanis
1139 3353 1175 3388 in
1198 3356 1444 3393 commissione
1461 3358 1515 3393 fa-

1289 393 1570 432 ADNOTATIO
1596 395 1647 431 IN
1673 394 1839 432 SCHOL.

1584 476 1748 513 bularum
1766 476 1989 524 quarundam
2013 477 2059 514 ab
2078 474 2266 525 judicibus
2297 476 2558 521 comicorum,

1584 532 1728 566 volente
1749 532 1873 579 procul
1892 531 2003 567 dubio
2022 539 2055 566 et
2079 531 2261 580 probante
2281 531 2557 578 Aristophane.

1586 585 1622 620 in
1639 586 1798 634 catalogo
1811 586 1987 621 victorum
1999 587 2170 635 scriptum
2185 587 2316 622 fuisse.
2334 589 2458 620 Juvat
2471 586 2558 620 hanc

1585 639 1910 692 interpretationem
1925 640 2020 688 quod
2039 640 2166 688 legitur
2180 640 2220 675 in
2237 647 2478 687 argumento
2493 642 2560 674 Rs·

1586 706 1732 738 narum,
1748 694 1935 738 Φιλωνίδης
1955 694 2119 747 ἐπεγράφη
2146 694 2204 732 καὶ
2232 694 2350 730 ἐνίκα.
2389 695 2439 730 Et
2466 694 2558 743 apud

1586 748 1697 785 schol.
1723 751 1828 797 vesp.
1864 750 1952 784 1013
1968 762 1976 784 ε
1993 750 2049 784 οὐκ
2078 750 2115 787 ἐκ
2141 751 2198 786 τοῦ
2230 751 2412 798 φανεροῦ,
2446 749 2559 800 Ῠητὶν.

1586 802 1747 853 ἐπικουρεῖ
1758 805 1776 839 ὁ
1789 801 1927 847 ποιητὴς
1938 801 2195 855 (Ἀριστοφάνης)
2209 808 2283 843 τοῖς
2305 807 2467 845 θεαταῖς,
2480 802 2559 838 :im

1587 855 1628 891 δι’
1656 855 1772 907 ἑτέρων
1800 858 1943 902 ποιητῶν
1968 855 2093 906 λάθρα,
2122 855 2238 901 ἐπειδὴ
2271 856 2335 893 διὰ
2369 857 2557 893 spanniis.

1586 909 1640 945 καὶ
1663 909 2024 959 Καλλιστράτουδιαθῖει
2035 911 2108 951 τινὰ
2120 913 2185 946 τῶν
2201 911 2416 960 δραμάτων.
2433 911 2554 945 Confi-1

1587 975 1651 998 nos
1671 963 1776 999 etiam
1792 964 1836 999 ad
1856 965 1975 1012 Equit.
1991 977 2024 998 v.
2047 964 2127 1001 510.
2147 965 2213 1000 L'ti
2231 972 2375 1000 autem
2393 964 2469 1000 hoc
2487 964 2556 998 lot-0·

1587 1017 1793 1055 Philonides
1808 1018 2085 1071 ἐπιγεγραμμένος
2102 1018 2236 1054 dicitur
2263 1023 2341 1058 τοῖς
2362 1018 2554 1068 'Aptera-,r

1586 1071 1680 1113 νεῖοις
1707 1071 1869 1124 δράμασι,
1898 1073 1947 1109 ita
1972 1073 2178 1112 scholiastes
2206 1077 2314 1110 Rau.
2353 1075 2404 1118 78
2439 1073 2485 1108 dc
2506 1076 2553 1108 lo-

1586 1127 1721 1174 phonte
1738 1127 1812 1162 filio
1830 1128 2019 1177 Sophoclis
2045 1128 2185 1170 scribit,
2204 1140 2302 1163 eum
2331 1128 2552 1163 comicorum

1581 1180 1673 1227 jocis
1698 1182 1915 1230 exagitatum
1943 1182 2050 1219 fuisse
2079 1182 2133 1218 ἐπὶ
2162 1185 2211 1232 τῷ
2241 1187 2325 1224 ταῖς
2350 1185 2418 1219 τοῦ
2445 1196 2552 1232 πατρος

1585 1235 1779 1285 τραγῳδίαις
1806 1236 2052 1287 ἐπιγράφεσθαι.
2073 1240 2183 1273 Kos-r.
2212 1239 2344 1285 Lege,
2366 1238 2550 1280 Φιλωνίέῃ

1586 1288 1620 1324 δὲ
1638 1289 1674 1325 οὗ
1691 1289 1744 1328 τὸν
1762 1290 1938 1340 ὑποκριτήν
1957 1305 2054 1340 φησι,
2071 1290 2125 1327 τὸν
2154 1296 2227 1331 τοῖς
2252 1290 2331 1342 Ἀρ.
2351 1292 2549 1340 ἐπιγεγραμ-

1587 1341 1682 1391 μένον
1706 1345 1878 1395 δράμασιν.
1908 1348 2091 1383 Donatus.
2119 1346 2286 1381 Defendi
2321 1355 2453 1394 potest
2474 1349 2548 1382 scn-

1586 1406 1692 1447 ptura
1711 1400 1863 1448 vulgata.
1878 1401 2017 1436 Deinde
2044 1403 2178 1436 Hemst.
2209 1399 2353 1437 οἴονται
2373 1403 2546 1450 ὁμωνυμία.

1586 1453 1648 1500 qui
1687 1454 1872 1490 articulum
1911 1466 2052 1490 servare
2102 1453 2281 1490 debebat.
2322 1458 2448 1491 Dum.
2463 1477 2499 1484 -
2512 1464 2545 1501 49

1586 1508 1793 1545 Nicocham's
1818 1508 1929 1545 verba
1954 1517 2165 1558 repetuntur
2191 1510 2234 1544 in
2262 1511 2423 1547 scholio
2450 1512 2493 1547 ad
2519 1524 2543 1546 v,

1588 1563 1672 1606 303,
1691 1562 1786 1599 unde
1804 1572 2004 1600 correctum
2018 1563 2077 1607 ἠδέ
2094 1564 2123 1599 τ’
2141 1563 2204 1599 aa.
2223 1564 2398 1601 Aldinae.
2419 1567 2543 1602 Rectiu-

1573 1617 1735 1652 sortasse
1757 1617 1820 1662 ἤδη
1837 1617 1865 1654 τ’
1893 1620 2069 1656 Mem-sius
2086 1619 2122 1654 in
2142 1619 2243 1654 Bibl.
2276 1622 2422 1657 Attica.
2449 1615 2472 1665 ἦ
2490 1621 2541 1661 ‘335'

1587 1670 1775 1708 Bentleius.
1788 1697 1827 1703 -
1840 1671 1885 1707 50
1903 1670 2080 1713 Φιλλῦλιος
2095 1675 2114 1708 J
2119 1685 2383 1721 ungermann.
2411 1675 2455 1711 ad
2473 1676 2539 1712 Pol-

1587 1726 1656 1761 luc.
1678 1739 1733 1771 xo,
1752 1728 1812 1774 93.
1832 1727 1976 1769 Φύλλιος
1993 1727 2072 1764 Ald.
2089 1754 2122 1760 -
2136 1729 2185 1765 52
2201 1726 2312 1782 Λαΐῳ
2326 1732 2539 1767 Casaubom„

1585 1781 1770 1818 Animadv.
1788 1782 1833 1818 ad
1850 1782 1978 1820 Athen.
1994 1795 2014 1818 α
2026 1810 2036 1828 ,
2054 1795 2110 1828 ²7·
2127 1779 2190 1820 λαὶ
2205 1784 2305 1823 Λῑά.
2320 1807 2364 1815 -
2383 1800 2396 1821 ι
2417 1800 2469 1835 sq.
2485 1786 2538 1821 ἄν..

1584 1833 1638 1870 τὸν
1657 1836 1849 1873 Bentleius.
1865 1834 2001 1883 ἀνόητον
2013 1836 2093 1874 Ald.
2111 1844 2149 1873 et
2168 1837 2228 1874 καὶ
2250 1840 2335 1875 οὐκ.
2345 1867 2389 1872 -
2403 1847 2422 1884 4
2438 1842 2537 1889 ‹in-fxii

1585 1889 1777 1938 Bergkins,
1808 1889 1967 1931 Μελιτεὺς
1992 1890 2186 1928 Bentleius.
2219 1893 2354 1941 ὀγκᾶθ’
2379 1898 2398 1931 ὁ
2428 1896 2537 1943 μελέτα.

1585 1943 1743 1980 Α111.-5
1771 1945 2000 1982 scribendum
2027 1946 2188 1981 numeris
2206 1948 2441 1988 melioribus
2456 1949 2535 1985 ἔῶα-

1584 2012 1657 2034 στεν
1674 1997 1778 2034 πόλει.
1801 1998 1949 2035 Videtur
1971 2008 2087 2038 autem
2111 2000 2174 2036 hic
2195 2014 2340 2040 versus
2357 2018 2406 2040 ex
2422 2006 2489 2040 alio
2502 2006 2535 2039 ίι-

1584 2052 1677 2089 butae
1693 2054 1773 2089 loco
1789 2062 1954 2104 sumptus
1972 2067 2049 2091 esse
2068 2067 2177 2106 quam
2196 2058 2273 2105 qui
2292 2061 2480 2106 praecedit.
2495 2064 2532 2095 V:-

1584 2107 1627 2143 de
1645 2108 1800 2144 Meinek.
1828 2111 1931 2146 eom.
1954 2112 1983 2152 1,
2004 2121 2041 2157 p.
2069 2110 2142 2152 793
2165 2112 2326 2160 sq.—5
2351 2113 2535 2161 ἐπιγῳιὴι

1584 2162 1703 2198 intulit
1719 2165 1838 2198 Jnnt.:
1858 2162 1954 2211 quod
1972 2162 2001 2199 si
2021 2171 2181 2199 veterum
2205 2164 2405 2204 librorum
2425 2167 2489 2205 fide
2500 2169 2535 2203 i·-

1583 2225 1678 2255 ctum
1698 2225 1894 2261 constaret,
1912 2217 2215 2266 amplecteremur
2244 2220 2350 2257 forte
2364 2236 2375 2258 :
2395 2231 2449 2258 est
2464 2236 2532 2258 ema

1583 2270 1759 2321 ἐπάγεσθαι
1789 2271 1982 2319 aliquando
2012 2274 2171 2315 allicere,
2217 2272 2414 2312 blanditiis
2444 2280 2488 2312 od
2510 2291 2533 2310 κ

1575 2328 1776 2373 perducem,
1792 2326 1969 2362 meretrici
1987 2325 2135 2361 verbum
2151 2328 2294 2376 utique
2312 2334 2531 2370 couveniens.

1581 2393 1602 2416 a
1628 2392 1698 2428 qua
1715 2387 1890 2429 potestate
1917 2380 1974 2417 illa
2003 2380 2129 2418 itidem
2158 2381 2355 2422 dicuntur
2379 2386 2529 2435 ἐπαγωγὰ,-

1581 2447 1660 2483 quae
1674 2435 1743 2473 vim
1762 2435 1930 2485 pellacem
1956 2447 2200 2485 magnumque
2228 2438 2462 2479 lenocinium
2488 2443 2529 2476 h.-

1581 2489 1678 2527 bent.
1691 2492 1822 2526 Verum
1838 2489 1873 2524 in
1890 2487 2070 2537 ὑπάγεσθαι
2081 2490 2224 2531 residet
2242 2493 2402 2534 diversa
2416 2496 2526 2545 quidm

1583 2556 1794 2592 parumper,
1811 2543 1872 2580 sed
1892 2544 2006 2579 affinis
2024 2551 2141 2584 tamen
2163 2547 2414 2595 significandi
2435 2553 2526 2589 „inus

1579 2600 1664 2632 dolis
1679 2600 1826 2644 aliquem
1839 2611 1978 2645 capere,
1993 2600 2250 2649 deceptumque
2280 2617 2368 2640 511oe
2381 2616 2522 2654 pooestat·

1570 2651 1696 2696 facere
1712 2665 1724 2685 :
1740 2652 1834 2699 quod
1864 2665 1885 2688 a
1911 2652 2028 2688 Laidis
2057 2652 2223 2701 insidiis,
2241 2670 2347 2706 quas
2384 2674 2454 2696 non
2477 2670 2522 2694 [aa

1580 2706 1786 2751 Philonidae,
1805 2719 1913 2754 quam
1938 2706 2071 2743 divitiis
2089 2708 2171 2755 ejus
2188 2713 2395 2759 struebat,
2413 2717 2521 2752 minim

1580 2758 1761 2797 abhorret.
1780 2759 1963 2796 Iamblich.
1991 2761 2028 2798 in
2053 2765 2173 2802 Protr.
2200 2777 2251 2803 ex
2282 2769 2518 2808 Platonem}-

1579 2815 1683 2865 δρεύει
1700 2813 1755 2850 καὶ
1785 2813 1953 2864 θηρεύεται
1966 2814 2027 2862 τὴν
2054 2815 2150 2858 δόξαν
2181 2819 2242 2858 ἐπὶ
2274 2824 2422 2870 ἀπάτη,
2447 2826 2518 2861 zui

1578 2874 1737 2914 ποιεῖται,
1763 2870 1867 2905 ταῦτα
1884 2868 2122 2913 καλλωπίζεται
2141 2864 2464 2926 ὓτταγόμηοςοτὰ
2482 2880 2516 2913 ἐν·

1578 2922 1740 2973 θρώπους·
1762 2924 1948 2961 commode
1977 2924 2188 2964 scholiastes
2213 2931 2269 2969 ad
2302 2936 2374 2983 ΒΨ
2399 2948 2432 2970 v.
2453 2936 2514 2979 ¹⁶9·

1578 2977 1754 3028 ὑπέρχεται
1771 2980 1937 3028 exponit,
1953 2980 2111 3029 ὑπάγεται
2126 2979 2186 3019 τὸν
2208 2984 2332 3035 δῆμον
2347 2990 2512 3040 ὗποτρῐχνι

1577 3032 1631 3068 καὶ
1666 3032 1850 3078 κολακεύει·
1876 3034 2060 3081 elegantur
2087 3038 2156 3076 Ion
2183 3041 2297 3087 apud
2329 3044 2455 3081 Athen.
2479 3046 2512 3077 11

1578 3100 1613 3134 p.
1636 3088 1718 3131 604,
1740 3091 1784 3132 D,
1803 3089 1847 3128 ὡς
1872 3081 1906 3123 εὖ
1935 3089 2119 3137 ὑπηγάγετο
2149 3090 2207 3129 τὸν
2242 3098 2380 3141 παῖδα,
2398 3112 2434 3136 se
2457 3098 2510 3132 kx

1575 3144 1699 3177 callido
1715 3150 1900 3177 commento
1917 3144 2085 3191 decepisse
2102 3157 2279 3191 puerum.
2302 3154 2393 3191 Bac
2409 3166 2467 3201 pm
2477 3165 2509 3185 w

1575 3197 1641 3230 teri
1662 3196 1811 3231 lectione
1829 3196 1998 3231 firmanda
2023 3206 2104 3233 sunt
2132 3200 2239 3239 satis.
2256 3204 2442 3243 Pmtem
2460 3206 2506 3240 a·

1575 3250 1781 3285 tinctionem
1792 3258 1872 3299 post
1900 3248 2016 3291 Λαΐδος
2028 3253 2172 3298 sustuli,
2188 3264 2236 3292 ut
2247 3261 2507 3313 aptiores-inm

1572 3304 1874 3353 sequentibusque
1905 3319 2104 3354 congruens
2145 3309 2255 3347 hunc
2296 3316 2338 3352 in
2373 3316 2504 3352 moda.

1571 3361 1733 3394 videatur
1743 3370 1855 3396 autem
1867 3374 1983 3396 amore
1991 3361 2104 3407 fuisse
2122 3374 2257 3410 captus
2285 3372 2413 3407 Laidis
2425 3375 2504 3407 ms.
