2931 4012
1298 447 1453 484 PLUTI.

415 530 490 567 dita
507 542 553 565 ex
567 532 610 563 V.
623 529 695 563 —8
714 528 748 563 δέ
768 541 838 564 om.
860 531 902 564 R.
922 530 1007 564 ἐστιν
1026 541 1096 564 om.
1119 531 1162 564 Θ.
1185 529 1296 575 ἁμογ.,
1311 529 1355 568 ὡς

416 585 478 622 ἀπ.
498 587 590 620 V.-
603 596 626 631 9
644 581 723 618 αὐτὸ
740 586 783 619 R.
799 583 874 618 sine
886 581 930 618 δὲ.
958 586 998 619 In
1018 584 1098 618 loco
1116 582 1289 634 Herodoti
1306 581 1353 617 li·-

416 638 487 685 hri,
508 636 573 674 ἀπὸ
588 636 705 674 τούτου
723 636 784 674 εἶσὶ
810 637 934 674 στάδιοι
950 636 1048 686 χίλιοι
1067 638 1111 677 εἰς
1128 636 1184 673 τὸν
1207 635 1354 686 ’Λράὸιον

418 692 548 736 κόλπον,
561 693 694 729 omisso
712 691 845 742 ἀπαρτὶ,
857 691 955 739 quod
979 699 1060 739 post
1079 691 1179 740 χίλιοι
1207 690 1356 727 inseruit

416 742 685 794 W'esselingius.
705 773 751 781 -.
772 759 813 782 ιο
827 746 952 782 στάδιοι
980 750 1022 782 R.
1041 755 1076 782 et
1105 745 1356 793 grammaticus

418 800 450 836 in
475 802 619 838 Bekkeri
633 801 766 838 Aneed.
781 814 816 850 p.
835 803 920 846 418,
942 802 995 836 16.
1012 799 1129 837 στάδια
1152 803 1192 837 V.
1209 800 1252 836 Θ.
1270 799 1352 836 Ald.

434 854 443 869 '
474 857 579 892 etiam
608 855 745 893 Suidas.
786 850 1010 904 ἐὸδομήκοντα
1039 859 1083 894 Θ.
1129 854 1229 905 χίλιοι
1261 863 1358 892 recte

418 910 732 957 gramn1.13ekkeri.
746 910 983 946 Scribendum
993 911 1101 958 igitur
1117 925 1165 962 ἀ.
1183 914 1293 946 Dmn.
1310 930 1355 937 —

421 978 435 1000 1
447 979 458 1000 ι
482 965 724 1016 κραπαττοίλοις
748 968 791 1001 R.
811 966 991 1014 κραταλοῦς
1006 968 1047 1001 V.
1062 966 1285 1002 Pherecratis
1299 964 1355 1000 lo-

416 1032 496 1055 cum
515 1021 744 1068 integriorem
770 1019 875 1056 affert
895 1032 1041 1068 gramm.
1072 1020 1229 1064 Bekkeri,
1256 1024 1297 1056 A.
1325 1018 1358 1055 τί

417 1074 487 1118 δαί;
504 1075 536 1110 τί
557 1074 674 1111 σαυτὸν
702 1073 862 1110 ἀποτίνειν
875 1073 1077 1124 τῷδ’ἀξιοῑς;
1097 1076 1219 1125 φράσον
1231 1087 1299 1122 μοι.
1318 1076 1356 1109 Β.

416 1129 536 1180 ἀπαρτὶ
554 1128 659 1173 δήπου
678 1128 874 1179 προσλαὸεῑν
891 1127 982 1179 παρὰ
999 1128 1085 1165 τοῦδ’
1104 1128 1206 1176 ἔγωγε
1221 1129 1356 1175 μᾶλλον.

417 1204 462 1211 -
481 1196 522 1219 12
554 1183 594 1228 δὴ
626 1187 683 1220 τοῦ
710 1182 884 1233 προλαὸεἶν
909 1186 954 1221 R.
972 1182 1184 1233 ’προσλαὸεἷν
1208 1195 1356 1231 gramm.

416 1239 576 1275 Bekkeri.
590 1238 765 1290 προλαὸεῑν
778 1241 819 1275 R.
836 1238 913 1275 Ald.
932 1237 1106 1289 προλαὸών
1120 1242 1161 1274 V.
1179 1242 1359 1286 συνωνυμεῖ

417 1290 451 1328 δὲ
468 1294 550 1330 Ald.
572 1297 754 1342 συνωνυμοῑ
774 1292 809 1329 δὲ
822 1294 866 1331 Θ.
882 1310 920 1318 -
938 1295 979 1329 13
994 1305 1062 1341 pro
1079 1294 1122 1333 ὣς
1138 1292 1192 1329 καὶ
1212 1292 1358 1340 Καλλίμ.

419 1347 453 1382 ἰιι
468 1349 509 1383 V.
522 1347 694 1395 scriptum
713 1347 839 1397 ἅρτιθεν
854 1346 875 1383 ἃ
894 1346 1037 1398 βράλλει.
1055 1350 1180 1394 Neque
1207 1347 1277 1383 hoc
1292 1358 1358 1383 ne-

416 1413 486 1448 que
502 1402 545 1441 ὡς
562 1401 619 1436 καὶ
631 1400 845 1451 Καλλίμαχος
861 1400 970 1438 habet
985 1404 1029 1438 G.
1041 1418 1079 1425 -
1090 1403 1132 1436 16
1147 1400 1358 1452 διεφθορυίας,

418 1454 469 1490 sic
503 1455 642 1491 correxi
682 1456 893 1503 scripturam
926 1456 1061 1492 codicis
1092 1455 1254 1506 διαφορᾶς.
1273 1454 1358 1505 Περὶ

417 1509 655 1561 παρεφθορυίας
670 1509 786 1552 λέξεως
797 1510 855 1546 hic
868 1510 958 1546 liber
971 1518 1121 1546 vocatur
1130 1510 1175 1546 ab
1193 1510 1358 1546 Athenaeo

416 1579 453 1614 9,
468 1579 503 1614 p.
524 1566 607 1611 368,
620 1566 675 1601 vel
687 1566 800 1615 ipsius
816 1566 870 1601 vel
883 1565 1018 1601 librarii
1033 1577 1165 1603 errore.
1181 1568 1220 1600 ln
1234 1565 1358 1615 διεφθο·

416 1621 506 1674 ρυίας
524 1623 700 1659 consentit
715 1623 903 1659 scholiasta
915 1623 1045 1658 Avium
1061 1622 1144 1667 768.
1170 1625 1282 1658 Dum.

468 1678 553 1725 394,
573 1678 619 1714 30
632 1678 699 1725 leg.
714 1675 861 1714 ἀπελθὼν
878 1677 1030 1728 φθᾶρηθι,
1046 1684 1084 1712 ut
1098 1680 1185 1725 neg.

467 1732 537 1778 395
557 1731 674 1768 Ἑστία
700 1730 757 1767 θεὰ
777 1725 817 1775 ἦν
842 1731 987 1780 Θυγάτηρ
1009 1730 1137 1781 Κρόνου
1165 1732 1230 1780 (sic
1250 1732 1356 1767 etiam

416 1786 518 1834 neg.)
534 1804 571 1811 -
584 1785 685 1837 φύλαξ
702 1786 812 1823 habet
825 1789 938 1823 Dorv.
950 1801 990 1809 -
1003 1786 1049 1822 35
1072 1784 1107 1822 ὃν
1131 1786 1176 1827 εἷς
1194 1786 1301 1822 Paris.
1315 1785 1359 1826 εἷς

415 1840 450 1877 ὃν
473 1845 490 1876 J
496 1849 570 1877 unt.
587 1842 630 1882 εἷς
646 1839 681 1877 ὃν
699 1842 742 1882 εἰς
754 1844 839 1889 Reg.
851 1858 891 1865 -
906 1841 951 1876 38
970 1840 1117 1877 fortasse
1127 1839 1165 1876 τὸ
1182 1839 1295 1887 λέγεις.
1316 1841 1359 1875 In

416 1895 510 1931 libro
534 1908 639 1943 quem
672 1896 789 1931 scriba
827 1894 1097 1937 transcribebat,
1120 1895 1199 1930 voci
1224 1893 1361 1934 Ἑστίας

418 1949 567 1985 verbum
597 1948 718 1996 λέγεις,
745 1957 783 1985 ut
799 1963 819 1985 a
838 1956 943 1997 poeta
969 1949 1155 1996 scriptum,
1176 1948 1265 1985 male
1293 1947 1358 1983 ad-

418 2003 587 2039 haerebat.
608 2003 648 2038 ld
674 2003 843 2039 librarius
871 2003 960 2039 dicit
986 2015 1023 2039 se
1045 2001 1243 2039 delevisse:
1264 2011 1361 2039 recte

417 2058 511 2093 enim
533 2058 657 2093 habuit
671 2070 736 2105 pro
763 2057 1006 2095 additamento
1027 2058 1244 2105 glossatoris,
1264 2057 1360 2106 quod

418 2112 575 2147 debebat
597 2111 664 2147 ἄνω
694 2112 832 2156 κεῖσθαι,
858 2112 881 2148 i.
913 2124 944 2148 e.
969 2112 1249 2160 superscriptum
1286 2124 1361 2149 esse

416 2167 497 2203 voci
516 2165 660 2207 Ἑστίας.
674 2170 857 2204 Senam.

468 2223 550 2269 396,
571 2227 611 2264 41
634 2219 730 2258 αὐτὸν
746 2234 817 2258 om.
836 2222 881 2258 Θ.

467 2279 548 2322 397,
579 2282 623 2319 44
648 2277 697 2326 ἐφ’
713 2277 781 2322 ἐπα,
811 2275 857 2318 45
887 2276 1109 2325 περιτρέπειν,
1130 2280 1175 2318 46
1201 2275 1275 2326 περί
1305 2290 1361 2312 του

415 2332 626 2370 Schaeserus.
855 2373 859 2377 ,

467 2388 548 2433 398,
568 2392 612 2431 47
639 2386 845 2422 Diridorlius
877 2384 1012 2420 addidit
1046 2383 1251 2432 διαπέμπεις.
1280 2384 1362 2422 ’Ότι

417 2453 486 2477 om.
501 2443 540 2476 V.
555 2458 594 2464 —
607 2441 653 2483 48
671 2440 722 2477 Οὗ
738 2438 802 2489 γὰρ
818 2441 861 2477 V.
876 2432 1040 2483 οὖ-ἧλθε
1057 2451 1126 2475 om.
1141 2440 1184 2475 Θ.
1202 2437 1363 2486 μετέπει-

415 2495 476 2530 λαν
496 2494 576 2530 Ald.
594 2493 646 2532 διά
663 2493 735 2530 ἀντὶ
746 2496 806 2537 τῆς
820 2492 903 2540 μετά
923 2492 1034 2528 habet
1054 2496 1098 2530 R.
1117 2496 1208 2529 Tum
1229 2494 1358 2541 pergit,

414 2548 457 2584 τὰ
473 2548 653 2598 πράγματα
668 2548 701 2584 ἐν
716 2548 830 2598 τούτῳ.
847 2545 898 2583 ὅτι
914 2548 951 2582 οὗ
972 2543 1361 2594 μετεστείλατο-ἦλθε.

468 2605 537 2650 399
559 2605 618 2638 οὐκ
634 2602 703 2638 ἐστὶ
721 2601 763 2638 τὰ
786 2601 968 2652 πράγματα
991 2600 1091 2642 οὕτως
1111 2602 1143 2636 ἐν
1165 2600 1361 2649 διαπέμπειν

420 2660 503 2704 ἧμᾶς
510 2660 553 2693 V.
564 2657 744 2706 πράγματα
756 2657 790 2692 ἄν
799 2655 903 2705 τούτῳ
912 2656 945 2691 ἕν
957 2657 1005 2705 τῷ
1013 2654 1208 2702 διαπέμπειν
1223 2658 1360 2702 ἦμᾶςῦ.

468 2719 550 2756 4οι,
572 2725 586 2747 x
601 2711 697 2752 αὐτός
707 2712 813 2748 etiam
833 2709 949 2748 Suidae
961 2711 1001 2759 (s.
1017 2708 1090 2758 Νώ)
1104 2709 1186 2745 libri
1202 2722 1282 2745 mss.
1297 2711 1359 2745 αὗ-

348 2780 351 2801 x
412 2765 469 2803 τόν
484 2767 561 2803 Ald.
580 2775 616 2802 et
641 2765 749 2813 vulgo
765 2764 862 2814 apud
876 2764 1037 2802 Suidam.
1050 2781 1091 2789 —
1107 2776 1127 2798 2
1146 2777 1170 2813 χ
1183 2776 1292 2812 super
1314 2763 1360 2800 νώ

348 2842 353 2855 ,-
414 2821 573 2870 positum
589 2821 626 2857 in
640 2820 742 2858 codd.
751 2821 818 2856 —3
830 2818 886 2855 καὶ
896 2816 967 2855 ἀντὶ
978 2819 1036 2865 9.,
1048 2819 1110 2866 qui
1122 2824 1142 2860 4
1151 2818 1359 2868 εἶρηταιοηι.

467 2882 550 2920 402,
570 2876 591 2912 5
610 2874 756 2912 ’Έὸλεπε
768 2873 974 2912 Schael'erus.
986 2890 1024 2898 —
1040 2875 1061 2909 6
1076 2873 1163 2919 Tm,
1178 2872 1276 2920 ἤγουν
1287 2886 1358 2909 om.

412 2934 522 2965 Dorv.
541 2935 602 2980 μιᾷ
618 2944 655 2978 γε
667 2929 730 2966 τινὶ
749 2933 836 2976 neg.

464 2987 547 3032 403,
574 2988 597 3022 8
614 2986 652 3023 τὸ
667 2984 821 3035 λαμπρὸν
833 2985 878 3021 Θ.

464 3044 533 3081 404
549 3040 586 3076 in
597 3044 640 3077 R.
652 3042 725 3082 haec
745 3046 881 3076 tantum
899 3037 968 3086 legi
983 3043 1133 3085 possunt
1152 3061 1284 3072 ......
1300 3037 1359 3072 οὐκ

412 3091 540 3141 ἀλόγως
564 3119 892 3133 ..............
899 3106 942 3128 τα
959 3105 1090 3142 συναιρε
1107 3118 1117 3127 .
1131 3117 1142 3126 .
1168 3090 1260 3139 (fort.
1275 3089 1360 3127 κατὰ

412 3147 614 3198 συναίρεσιν)
637 3174 768 3187 ......
775 3147 861 3190 υτός.
873 3167 924 3175 —
947 3160 988 3183 10
1005 3145 1092 3184 Ἀντὶ
1116 3147 1175 3182 τοῦ
1198 3146 1257 3181 οὐκ
1277 3144 1359 3181 ἀλό-

347 3215 353 3232 -’
411 3216 479 3249 τως
494 3206 550 3248 V.,
565 3204 626 3251 qui
642 3203 664 3248 ἢ
682 3188 752 3240 oin.
769 3221 810 3229 —
824 3216 864 3239 11
880 3215 935 3251 sq.
946 3201 1113 3252 ἰπίρρημα
1126 3199 1257 3236 ἀπὸτοῦ
1275 3199 1360 3241 ἐτεὸς

347 3326 360 3349 ⁵

346 3377 361 3407 ἰ

413 3257 636 3305 συνῃρημένον
657 3261 698 3294 V.
717 3259 813 3299 ἐτεῶς
830 3257 894 3294 ἀπὸ
907 3260 964 3293 τοῦ
977 3256 1063 3296 ἔτιὸς
1079 3256 1123 3292 Θ.

468 3316 552 3354 407,
565 3313 609 3346 25
621 3310 693 3352 τοὺς
706 3311 851 3352 διδόντας
863 3312 908 3349 Θ.
923 3311 1003 3348 Ald.
1018 3310 1167 3357 Regius:
1179 3308 1358 3345 Διαὸάλλει

411 3363 477 3414 γὰρ
497 3364 570 3405 τοὺς
591 3365 774 3410 Ἀθηναίους
800 3366 938 3402 ἐνταῦθα
961 3368 1006 3406 ὡς
1025 3363 1072 3413 μὴ
1095 3363 1170 3413 περὶ
1189 3362 1232 3399 τὰ
1258 3362 1358 3410 μείζω

352 3438 371 3460 ι
413 3418 690 3468 ἀσχολουμένους,
706 3418 779 3456 ἀλλ’
790 3420 836 3460 εἰς
849 3418 973 3459 οὐδενὸς
991 3417 1075 3460 ἄξια.

2277 460 2349 491 568

1460 534 1502 571 41
1514 542 1543 575 1,
1557 531 1601 572 34
1619 530 1811 567 καταθύσειν
1829 533 1874 568 Θ.
1893 534 2001 568 Paris.
2018 532 2201 575 καταθῆσαι
2215 535 2302 582 neg.

1461 589 1528 626 414
1546 598 1615 621 om.
1638 586 1743 622 etiam
1773 587 1818 623 Θ.
1836 604 1871 611 -
1894 592 1949 628 40.
1974 585 2178 634 Ὁμαλισμὸς
2192 599 2212 622 a
2230 599 2348 634 gram-

1410 639 1547 675 maticis
1562 640 1706 685 dicitur,
1721 654 1832 689 quum
1851 654 1923 676 vox
1934 640 2054 688 aliqua
2077 652 2150 676 non
2166 654 2248 676 cum
2267 649 2352 677 tono

1410 693 1464 729 vel
1483 703 1642 740 accentu,
1660 695 1722 731 sed
1749 695 1882 744 absque
1906 708 1962 740 e0,
1985 696 2082 732 velut
2103 697 2284 744 appendix
2302 697 2353 732 al-

1410 748 1531 792 terius,
1564 750 1828 798 pronuntiatur,
1854 749 1950 798 quod
1969 750 2143 785 encliticis
2168 751 2217 786 sic
2248 750 2353 787 dictis

1410 803 1593 851 contingit.
1610 804 1670 840 Vel
1687 805 1791 841 etiam
1819 817 1928 852 quum
1945 817 2016 840 vox
2035 805 2199 852 'quaedam
2225 805 2352 842 eodem

1410 868 1491 892 cum
1509 859 1634 894 ceteris
1651 866 1774 894 tenore
1784 858 1918 906 absque
1939 857 2052 906 figura
2065 858 2352 907 interrogationis

1410 911 1466 946 vel
1498 912 1766 949 exclamationis
1798 904 2063 961 pronuntiatur.
2101 914 2190 948 Nam
2233 914 2353 960 figurae

1410 963 1585 1012 ejusmodi
1604 966 1738 1003 faciunt
1754 974 1793 1002 ut
1810 979 1882 1002 vox
1899 966 2016 1014 aliqua
2034 974 2120 1001 tono
2138 974 2173 1001 et
2188 979 2352 1015 pronun-

1411 1018 1557 1055 tiatione
1575 1032 1646 1068 prae
1665 1019 1808 1068 reliquis
1821 1020 1975 1055 emineat
1991 1032 1999 1053 :
2018 1018 2117 1066 quod
2135 1021 2352 1055 contrarium

1411 1079 1464 1108 est
1481 1075 1528 1122 τῷ
1543 1074 1719 1124 ὁμαλισμῷ
1730 1101 1740 1120 ,
1765 1081 1891 1121 utpote
1908 1072 2005 1120 quod
2023 1074 2171 1120 proprie
2195 1076 2350 1120 compla-

1411 1130 1581 1162 nationem
1614 1127 1668 1163 vel
1698 1131 1925 1174 aequatiouem
1946 1134 2057 1162 notat.
2088 1127 2219 1162 Confer
2247 1128 2353 1163 etiam

1412 1180 1622 1217 scholiasten
1641 1181 1686 1217 ad
1703 1185 1793 1217 Rau.
1811 1193 1846 1216 v.
1866 1187 1955 1228 490,
1975 1180 2038 1216 ubi
2054 1179 2092 1216 τὸ
2110 1180 2181 1216 κατ’
2197 1181 2352 1230 ἐρώτησιν

1411 1243 1448 1270 et
1459 1234 1533 1271 καθ’
1546 1235 1728 1284 ὁμαλισμὸν
1753 1237 1845 1271 inter
1863 1247 1901 1270 se
1918 1242 2164 1283 opponuntur.
2182 1238 2294 1271 Kus'r.
2316 1259 2353 1266 -

1413 1294 1457 1331 44
1473 1294 1527 1326 νῦν
1546 1305 1582 1326 τε
1598 1288 1930 1341 περισπ.-χρονικόν
1944 1303 1952 1312 ·
1972 1289 1989 1325 ὃ
2008 1287 2132 1339 μακρὸν
2149 1288 2198 1325 ἀεὶ
2219 1290 2327 1325 Paris.

1462 1344 1546 1388 415,
1566 1346 1679 1391 47-51
1701 1357 1772 1381 orn.
1790 1344 1895 1380 etiam
1915 1344 1959 1381 Θ.
1975 1370 2012 1375 .-
2031 1344 2076 1378 52
2097 1341 2277 1392 παράδοξον
2296 1356 2351 1378 so-

1412 1398 1484 1433 lum
1500 1399 1607 1435 habet
1619 1399 1748 1436 Suidas
1760 1399 1797 1434 in
1811 1396 1953 1448 Θερμόν.
1972 1400 2044 1434 Cur
2060 1397 2224 1441 εὐκίνητον
2242 1410 2354 1445 expo—

1412 1460 1473 1488 nat
1487 1453 1610 1496 schot,
1630 1454 1801 1489 rationem
1817 1451 1918 1487 dabit
1929 1451 2082 1498 Etymol.
2100 1462 2137 1498 p.
2150 1455 2234 1495 447,
2247 1453 2305 1495 30,
2320 1459 2354 1486 et

1413 1518 1449 1554 p.
1471 1507 1541 1544 453
1556 1535 1566 1553 ,
1587 1512 1630 1550 44
1647 1521 1656 1543 :
1676 1505 1777 1556 ταύτῃ
1804 1510 1877 1553 γοῦν
1907 1503 1982 1547 τοὺς
2008 1503 2066 1552 μὲν
2086 1509 2197 1553 ταχεῖς
2221 1503 2355 1554 θερμοὺς

1411 1558 1560 1608 λέγουσι,
1578 1560 1650 1602 τοὺς
1668 1560 1703 1597 δὲ
1721 1560 1847 1611 βραδεῖς
1871 1557 2026 1610 ψυχρούς.
2042 1558 2134 1595 Vide
2151 1558 2195 1594 ad
2219 1572 2251 1594 v.
2273 1560 2352 1594 561.

1412 1617 1546 1651 Husr.
1578 1619 1618 1651 In
1650 1618 1693 1651 V.
1718 1615 1786 1651 hoc
1814 1614 1959 1658 ordine,
1988 1612 2350 1662 Πενία-Βλεψίδημον.

1412 1669 1528 1719 θερμὸν
1551 1668 1585 1705 δὲ
1613 1668 1685 1705 ἀντὶ
1710 1671 1768 1704 τοῦ
1791 1666 1970 1718 παράδοξον
1993 1666 2016 1710 ἢ
2047 1665 2224 1710 εὐκίνητον.
2237 1689 2277 1697 -
2299 1680 2313 1701 1
2332 1669 2352 1708 ἠ

1411 1723 1507 1760 πενία
1523 1722 1556 1759 δὲ
1576 1725 1618 1761 Θ.
1635 1722 1715 1759 Ald.
1732 1721 1782 1758 ὅτι
1797 1724 1820 1766 ἡ
1838 1736 1874 1757 π.
1895 1724 1980 1769 Reg.
2000 1719 2237 1771 παραὸαλοῧσα
2253 1724 2293 1755 R.
2307 1721 2354 1756 ε’ν-

1411 1781 1520 1814 nvom
1539 1779 1746 1828 παρελθοῦσα
1762 1780 1848 1824 Reg.
1863 1774 1946 1812 Ald.

1461 1833 1547 1878 423,
1568 1845 1609 1880 19
1625 1831 1703 1868 Ἔτι.
1718 1830 1777 1875 τὴν
1796 1829 1849 1866 διὰ
1863 1828 1923 1873 -ι-ὴν
1938 1831 1982 1867 Θ.
2001 1828 2130 1865 Md...
2149 1841 2193 1864 20
2213 1829 2354 1879 Εὐριπί-

1414 1888 1469 1924 δου
1484 1887 1506 1932 ἢ
1522 1888 1682 1924 additum
1695 1900 1738 1924 ex
1755 1887 1803 1924 V.
1814 1908 1853 1916 —
1862 1898 1908 1931 21
1925 1885 2157 1935 παρεισάγεται
2169 1888 2211 1920 G.
2225 1883 2260 1920 δὲ
2274 1885 2355 1932 μετὰ

1413 1942 1490 1979 Ald.
1510 1941 1743 1977 δεινοπαθοῢσα
1756 1942 1799 1977 G.
1813 1962 1852 1969 —
1870 1952 1914 1974 22
1931 1938 1986 1974 καὶ
1999 1940 2032 1974 ἐν
2049 1938 2210 1987 Εὐριπίδῃ
2228 1941 2271 1974 V.
2286 1953 2355 1989 νερ-

1412 1995 1514 2046 τέρων
1535 1998 1582 2034 Θ.
1597 1995 1680 2031 ΛΙά.
1704 1994 1817 2045 ἱέρειαι
1830 1992 1913 2029 libri
1927 2004 2059 2028 omnes.
2078 2015 2116 2021 —
2130 1993 2174 2027 23
2187 1991 2208 2034 ἢ
2222 1992 2276 2027 καὶ
2292 1992 2355 2027 ἄλ-

1413 2051 1478 2091 λως
1495 2051 1538 2086 Θ.
1557 2049 1689 2085 εἰώθασι
1702 2047 1765 2098 γὰρ
1777 2051 1869 2083 V.-
1885 2056 1929 2087 24
1950 2045 2005 2081 καὶ
2021 2043 2084 2095 γὰρ
2101 2044 2142 2080 τὰ
2158 2047 2204 2082 Θ.
2225 2045 2303 2080 Ald.
2320 2047 2355 2081 ἐκ

1414 2103 1596 2155 τραγῳδίας
1609 2116 1618 2125 ·
1639 2102 1681 2138 τὰ
1698 2101 1761 2151 γὰρ
1775 2105 1819 2138 R.

1466 2164 1550 2205 424,
1569 2170 1683 2204 27-29
1698 2168 1768 2191 om.
1783 2157 1827 2193 Θ.
1845 2178 1882 2185 -
1899 2154 1944 2190 28
1962 2152 2028 2203 εὕρ.
2048 2151 2111 2203 γὰρ
2133 2154 2240 2189 Paris.
2255 2155 2355 2189 --30

1415 2212 1470 2250 καὶ
1485 2211 1555 2248 οἵαν
1573 2215 1707 2248 Hemst.

1466 2268 1550 2311 425,
1567 2268 1611 2303 36
1630 2264 1818 2315 εἷσήρχοντο
1835 2264 1940 2300 etiam
1963 2262 2091 2299 Suidas
2108 2274 2137 2298 s.
2165 2264 2196 2299 Τ
2198 2263 2352 2312 ραγῳδία.

1415 2322 1581 2371 εἰσήγοντο
1600 2321 1729 2357 Ald.—
1747 2321 1789 2364 37
1810 2321 1866 2354 τοῦ
1885 2320 2018 2353 Hemst.
2035 2318 2082 2352 τῶ
2097 2316 2174 2352 Ald.
2190 2339 2228 2345 —
2246 2321 2292 2359 40
2302 2330 2353 2365 sq.

1415 2378 1466 2414 sic
1482 2378 1517 2413 in
1536 2380 1595 2422 V.,
1614 2375 1668 2411 διὰ
1683 2377 1777 2410 τοῦτο
1797 2372 1831 2408 δὲ
1849 2372 1904 2408 καὶ
1923 2370 1960 2407 τὸ
1983 2370 2029 2418 μὴ
2045 2354 2128 2406 iim
2154 2369 2253 2414 αὐτὴν
2272 2369 2354 2406 κατὰ

1416 2430 1510 2480 φύσιν
1527 2428 1665 2480 φοὸερὰν
1677 2455 1688 2474 ,
1706 2427 1790 2463 ἀλλὰ
1809 2425 1915 2474 μάτην
1937 2426 2115 2460 ἀπατῶσαν
2132 2427 2229 2470 ἡμᾶς.
2248 2423 2354 2470 οἰμώ-

1416 2487 1504 2528 ζεται
1524 2482 1667 2520 κλαύσει.
2071 2508 2074 2512 .

1466 2541 1536 2583 426
1551 2539 1628 2574 sine
1643 2537 1715 2573 ulla
1729 2536 1803 2571 sere
1822 2533 2018 2570 mutatione
2031 2531 2218 2578 descripsit
2230 2532 2290 2567 Sui
2296 2532 2337 2567 da
2348 2553 2355 2564 .

1415 2596 1452 2631 in
1471 2590 1713 2640 Πανδοκεύτρια
1725 2618 1735 2636 ,
1759 2598 1794 2625 et
1813 2587 2044 2636 posteriorem
2071 2592 2207 2633 partem
2224 2585 2261 2620 in
2282 2586 2346 2621 Κα-

1414 2648 1524 2694 τιηλίς.
1550 2646 1733 2694 Origineun
1760 2643 1858 2679 vocis
1884 2641 2027 2688 ἄμπελος
2052 2651 2123 2674 non
2151 2639 2354 2674 dissimilem

1415 2699 1724 2747 tradiditEtymol.
1744 2711 1778 2746 p.
1794 2697 1855 2740 86,
1872 2697 1931 2739 37,
1942 2693 2005 2730 ubi
2020 2692 2170 2729 delenda
2183 2693 2355 2740 particula

1414 2769 1564 2806 negans,
1582 2759 1604 2800 ἡ
1618 2753 1737 2803 ἔχουσα
1756 2752 1792 2787 ἐν
1818 2751 1915 2798 ἑαυτῇ
1934 2748 1990 2784 τὸν
2006 2745 2130 2792 πηλὸν,
2149 2759 2257 2794 quum
2271 2747 2354 2783 eda—

1415 2820 1484 2857 tur,
1500 2814 1522 2855 ἠ
1536 2809 1582 2859 μὴ
1598 2809 1728 2858 ἔχουσα.
1746 2808 1880 2842 Heus-r.
1892 2826 1931 2833 -
1950 2808 1995 2844 42
2012 2800 2102 2851 παρὰ
2115 2800 2153 2836 τὸ
2165 2804 2207 2836 R.
2224 2800 2288 2836 ἀπὸ
2299 2805 2354 2836 τοῦΔ

1413 2867 1489 2902 Ald.
1499 2865 1739 2912 ἐτυμολογεῑται
1750 2859 1783 2897 δὲ
1792 2856 2043 2907 πανδοκεύτριαν
2054 2858 2189 2905 (-τρια
2198 2856 2256 2902 G.)
2266 2854 2354 2904 παρὰ

1412 2921 1450 2957 τὸ
1469 2924 1506 2958 V.
1523 2944 1565 2964 —‚
1578 2920 1622 2961 43
1646 2917 1772 2967 εἴρηται
1798 2913 1832 2950 δὲ
1852 2917 1895 2950 R.
1922 2912 1999 2950 Ald.
2021 2909 2161 2954 καπηλὶς
2186 2912 2224 2943 V.
2249 2932 2287 2938 —
2306 2910 2352 2943 45

1412 2976 1550 3024 ἔμπελος
1571 2977 1611 3010 V.
1638 2985 1709 3008 non
1738 2973 1781 3008 G.
1801 2970 1834 3005 ἐν
1860 2969 1960 3016 ἑαυτῇ
1978 2967 2023 3003 Θ.
2039 2988 2076 2996 --
2094 2970 2137 3008 47
2168 2963 2352 3006 καπήλισαν

1414 3031 1522 3066 Paris.
1840 3038 1843 3042 '

1464 3092 1531 3129 427
1563 3083 1599 3118 in
1628 3086 1670 3118 V.
1698 3081 1767 3116 hoc
1792 3079 1937 3123 ordine,
1963 3074 2308 3123 κυρίακ-κεκεῧσθαι,
2329 3072 2350 3115 ἢ

1413 3140 1478 3176 ἀπὸ
1492 3136 1737 3175 τοῦ-ὠόπωλιν
1754 3134 1825 3170 ἀντὶ
1850 3135 1905 3168 τοῦ
1922 3130 1971 3167 ὠὰ
1987 3128 2233 3177 πιπράσκουσαν
2247 3153 2257 3169 ,
2288 3125 2352 3161 ἀπὸ

1413 3195 1528 3244 μέρους
1543 3191 1581 3229 τὸ
1597 3190 1682 3228 ὅλον.
1698 3191 1721 3235 ἢ
1736 3187 1967 3237 ὀσπριόπωλιν.
1983 3182 2109 3222 λέκιθος
2130 3180 2192 3229 γάρ
2219 3182 2289 3215 ἐστι
2302 3174 2352 3215 εἶ·-

1412 3245 1623 3298 δος-γραός,
1641 3270 1680 3276 -
1695 3246 1740 3286 48
1759 3243 1909 3279 alterum
1926 3241 1981 3274 τοῦ
2003 3250 2071 3271 om.
2091 3238 2133 3272 Θ.
2150 3234 2229 3270 ΑΙιί.
2249 3251 2266 3268 ιι
2282 3237 2351 3270 Ho-

1412 3317 1489 3339 rum
1507 3302 1687 3337 minimam
1706 3305 1843 3347 partem
1857 3322 1868 3339 ‚
1883 3292 2010 3329 ceteris
2026 3289 2081 3324 vel
2101 3288 2280 3336 neglectis,
2296 3288 2349 3322 vel

1411 3358 1448 3393 in
1466 3370 1532 3392 suo
1549 3355 1644 3391 libro
1664 3366 1736 3389 non
1752 3349 1903 3398 repentis
1915 3374 1924 3392 ,
1943 3344 2073 3381 Lexico
2101 3341 2229 3379 suidas
2252 3342 2347 3377 inse-

1411 3412 1494 3449 ruit.
1508 3426 1523 3443 υ
1538 3413 1677 3447 linter.
1691 3429 1730 3437 -
1746 3412 1791 3452 49
1807 3403 1937 3441 λέκυθος
1954 3402 1996 3438 Θ.
2014 3422 2051 3430 -
2067 3398 2111 3434 50
2131 3396 2219 3432 λίπει
2232 3399 2346 3433 unffi-

2170 3469 2217 3495 38.
