2931 4012
619 510 702 547 242,
721 504 766 545 48
781 502 870 552 παρὰ
892 501 949 546 τὴν
967 500 1092 537 Suidas
1107 512 1134 535 s.
1153 500 1297 544 Κανοῦν,
1313 507 1348 535 ct
1365 505 1411 546 49
1426 500 1498 547 ἑορ-

569 559 626 604 -ιὴν
641 557 806 602 Ἀθήνησιν
826 558 859 592 αἱ
875 556 1029 603 εὗγενίδες
1046 556 1191 604 &nav-45³„
1209 555 1247 590 51
1269 553 1410 590 πάντων.

617 614 701 656 243,
716 611 859 647 5·codd.
873 619 909 645 et
924 609 1004 646 Ald.
1021 608 1223 658 Ἐλευθήρων
1239 633 1286 640 .-
1299 608 1501 657 Ἐλευθῆραι.

1286 419 1564 457 ADNOTATIO
1590 419 1639 456 IN
1666 418 1823 456 scnoL.

1606 499 1694 541 332,
1731 499 1774 533 53
1798 497 2008 548 προενήνοχεν
2036 499 2117 535 Ald.
2138 519 2186 527 -—
2204 511 2295 535 2-11
2327 499 2436 536 habet
2452 504 2494 537 R.

1556 552 1623 589 ἀντὶ
1639 556 1694 589 τοῦ
1708 553 1885 601 γνώσομαι.

1605 608 1686 652 334,
1708 620 1720 642 1
1729 607 1749 642 5
1762 607 1830 644 ἔστι
1841 607 1876 644 δὲ
1891 607 1946 644 καὶ
1957 607 2046 657 παρὰ
2057 608 2183 645 Suidas
2201 619 2227 644 s-
2243 606 2494 653 Ἅποσιὼπησις.

569 669 623 702 De
637 677 675 701 re
693 678 724 700 v.
744 664 893 701 Lobeck.
925 663 1095 710 Aglaoph.
1114 674 1149 709 p.
1166 663 1249 699 660.
1267 681 1317 689 -·
1332 661 1440 702 πόλεις
1457 664 1500 698 R.
1560 681 1601 688 —
1620 662 1660 696 16
1676 660 1858 710 προσειπὼν
1873 662 1947 698 Α1ἀ.
1962 670 1999 697 et
2013 661 2148 699 Suidas.

570 744 616 751 .-
630 719 654 753 6
664 717 705 754 τὰ
722 718 895 765 ἀγάλματα
912 716 992 752 Ald.

618 772 701 814 245,
717 772 762 805 26
775 770 810 806 τὸ
822 769 1048 819 ζωμάρυστρον
1059 769 1293 805 Schneiderus
1309 769 1343 803 iu
1359 770 1501 805 Lexico.

569 826 792 863 Nominativo
805 828 826 869 ἡ
840 824 1063 875 ζωμοίρυστρος
1076 825 1188 859 υῑίῑιιι·
1199 823 1323 860 Suidas
1339 837 1366 861 s.
1385 823 1503 867 Ἐτνή-

570 894 657 931 ρυσις
667 893 710 917 ex
727 879 831 915 codd.
847 887 1025 914 coi-rectus
1041 892 1049 913 :
1065 891 1145 913 nam
1161 878 1214 913 ed.
1232 878 1375 915 Mediol.
1392 878 1502 925 ζωμό-

570 948 706 984 ρυστρις.
723 938 834 970 Dum.
853 953 901 959 —
920 934 963 968 33
979 932 1124 967 πίσσινον
1141 932 1217 967 Ald.

618 989 688 1030 246
702 988 875 1023 scholium
888 985 995 1022 habet
1011 985 1137 1022 suidas
1152 998 1178 1021 s.
1197 985 1352 1034 Ἐλατήρ.

619 1043 703 1087 254,
721 1043 766 1083 43
782 1043 811 1077 οἱ
828 1053 897 1076 om.
917 1043 960 1075 R.

620 1097 705 1143 257,
721 1097 741 1131 3
757 1094 851 1131 αὐτὸν
869 1094 969 1138 Α1(1.;
991 1092 1063 1129 τινά
1078 1094 1197 1141 posuit
1213 1094 1338 1130 Suidas
1363 1106 1391 1129 s.
1411 1093 1502 1144 Πρό-

570 1149 670 1186 δαινε.

620 1215 702 1249 270,
719 1209 759 1245 41
777 1196 864 1243 οὗτος
880 1214 949 1237 0111.
966 1204 1021 1246 R.,
1032 1210 1068 1237 et
1086 1204 1129 1244 43
1150 1202 1179 1238 οἱ
1193 1201 1368 1245 Ἀθηναῖοι,
1380 1201 1505 1237 deinde

571 1257 677 1293 habet
693 1256 714 1300 ἢ
732 1254 812 1304 μετὰ
826 1255 911 1292 Ἀλκ.

620 1324 702 1355 272,
722 1311 766 1352 46
783 1310 903 1358 ὡραίαν
919 1308 1091 1360 ξυληφόρον
1110 1313 1152 1345 R.
1169 1330 1215 1336 —
1231 1315 1275 1355 49
1289 1310 1413 1358 ὡρικῶς
1425 1313 1504 1345 Do-

571 1363 702 1408 braeus;
722 1363 802 1413 κόρη
821 1365 863 1405 ὡς
883 1363 959 1400 Ald.

621 1419 702 1463 273,
721 1424 784 1460 2-4
803 1418 852 1452 sic
865 1420 904 1452 R.
922 1417 1084 1465 μέμνηται
1096 1417 1150 1453 καὶ
1168 1418 1200 1452 ἐν
1215 1419 1258 1452 N.
1274 1419 1330 1452 τοῦ
1339 1417 1503 1458 Φελλέως.

570 1472 599 1506 οἱ
625 1469 678 1513 δὲ,
699 1470 747 1506 ὅτι
767 1470 837 1519 ὄρος
857 1472 902 1507 Φ.
918 1469 1000 1506 οὕτω
1016 1472 1089 1506 καλ.
1108 1470 1187 1506 Ald.

621 1524 703 1568 275,
717 1524 737 1558 8
750 1523 970 1573 καταμηρίσαι
982 1524 1107 1560 Suidas
1123 1537 1150 1561 s,
1166 1523 1505 1572 Καταγιγαρτίσαι.-·

577 1579 616 1612 13
633 1577 757 1620 ὀστώδη
768 1580 810 1613 Η.
830 1578 1028 1624 Stephanus
1044 1578 1079 1612 in
1099 1578 1280 1613 Thesauro
1298 1589 1325 1612 s.
1339 1578 1366 1613 Γ
1368 1577 1504 1627 ίγαρτον.

572 1631 767 1679 Legebantur
786 1630 962 1679 ὀσπριώδη.

620 1697 707 1730 279,
731 1686 771 1719 18
789 1683 931 1732 καπνείῳ
951 1684 1104 1719 restituit
1130 1684 1285 1719 Pierson.
1311 1684 1354 1719 ad
1376 1684 1505 1719 Moerin

573 1751 607 1784 p.
628 1751 717 1784 2923
734 1740 773 1786 τῇ
792 1737 918 1787 καμίνῳ
938 1737 1077 1772 volebat
1092 1737 1285 1773 Elmsleius.
1306 1741 1349 1774 R.
1368 1746 1402 1772 et
1425 1738 1503 1774 Ald.
1522 1770 1525 1773 Α

571 1791 709 1840 καπήλῳ
719 1817 729 1835 ,
741 1791 864 1827 Suidas
878 1794 917 1839 (s.
928 1791 1095 1841 -Φεψοίλῳ)
1108 1816 1118 1833 ,
1134 1790 1312 1840 καπηλείῳ.
1329 1812 1377 1818 —-
1392 1805 1435 1838 19
1451 1790 1504 1826 καὶ

571 1846 713 1892 ἀλλαχοῦ
732 1846 938 1881 Valckenar.
959 1844 1054 1892 apud
1073 1846 1227 1880 Piersun.
1245 1845 1443 1892 Legebatur
1461 1847 1505 1889 ὡς

571 1898 705 1939 καλλίας
729 1899 840 1941 δηλοῖ,
857 1911 934 1946 quae
961 1899 1092 1935 omittit
1109 1902 1150 1935 R.
1166 1920 1215 1925 —-
1234 1911 1280 1934 2ο
1299 1902 1405 1949 μοιχῷ
1426 1900 1503 1936 Ald.

572 1972 615 1979 —
630 1952 675 1987 23
689 1951 835 1993 Ἡσίοδος
853 1956 892 1988 R.
903 1974 946 1979 —
962 1954 1006 1987 25
1022 1951 1096 1988 ἔνθα
1109 1953 1188 1989 Md.

619 2008 701 2050 284,
722 2006 833 2050 35-27
844 2033 854 2050 ,
869 2019 935 2055 pro
953 2007 1008 2042 his
1025 2009 1069 2042 R.
1083 2006 1206 2054 γελοίου
1220 2006 1254 2042 δὲ
1265 2006 1358 2057 χάριν
1376 2010 1432 2051 τῆς
1445 2008 1503 2056 μὲν

569 2060 710 2110 κεφαλῆς
740 2060 776 2095 οὗ
797 2059 971 2108 φροντίζει,
1001 2062 1059 2103 τῆς
1092 2059 1126 2096 δὲ
1156 2060 1276 2109 χύτρας
1308 2067 1502 2110 προνοεῖται.

568 2114 758 2160 Sequentia
776 2114 906 2148 omittit
921 2114 965 2149 ad
981 2114 1082 2148 finem
1099 2114 1235 2149 scholii.
1256 2135 1294 2141 -
1314 2116 1356 2158 37
1371 2115 1501 2165 συντρί-

569 2166 635 2202 6ιιν
668 2168 822 2202 Meinek.
856 2167 900 2202 ad
928 2167 1110 2203 Menandr.
1144 2180 1180 2214 p.
1211 2180 1268 2214 29.
1305 2169 1504 2216 Legebatur

568 2219 762 2269 συντριὸείη.

618 2271 701 2316 285,
717 2285 736 2316 7
757 2273 800 2312 ὡς
821 2273 922 2321 μιαρὰ
939 2276 981 2308 R.

538 2341 567 2367 ς
617 2336 700 2372 297,
719 2337 761 2372 19
773 2325 851 2360 αὐτὸ
863 2328 903 2360 R.

559 2384 569 2394 ·
616 2378 697 2424 303,
716 2380 760 2424 37
775 2377 862 2427 λέγει
875 2377 926 2415 ὅτι
939 2378 1066 2415 Suidas
1077 2392 1105 2415 s.
1127 2378 1290 2428 Μακροῦς.
1306 2380 1434 2429 λέγουσι
1453 2383 1501 2419 ὅτι

567 2434 607 2468 R.
622 2431 751 2480 λέγουσι
768 2430 802 2468 δὲ
822 2431 870 2468 ὅτι
887 2432 967 2469 ΑΙά.

614 2486 695 2530 308,
714 2486 760 2521 5ο
773 2486 876 2536 ὅρκων
888 2487 969 2523 Ald.
987 2506 1036 2514 -
1052 2487 1096 2523 53
1117 2481 1167 2529 αἶς
1185 2487 1236 2523 ἐπ.
1256 2490 1298 2524 R.

614 2539 699 2585 309,
720 2540 739 2575 3
757 2539 917 2584 εὐλαὸήθη
933 2543 978 2576 R.

615 2591 695 2636 320,
713 2604 758 2627 20
777 2593 909 2628 Eadem
926 2592 1033 2629 habet
1047 2593 1172 2630 Suidas
1189 2607 1215 2630 s.
1235 2594 1446 2637 Καταξαίνειν
1464 2607 1500 2633 et

564 2655 591 2679 s.
611 2643 793 2681 Φοινικίδα.
819 2649 898 2682 Huc
923 2648 1026 2682 etiam
1046 2655 1181 2695 spectat
1209 2648 1306 2684 locus
1332 2650 1391 2685 ine
1411 2652 1498 2687 Phi-

564 2697 700 2732 lustrati
727 2699 764 2734 in
783 2700 893 2747 Epist.
916 2713 950 2747 p.
971 2702 1040 2736 386
1071 2702 1226 2749 (Collect.
1252 2704 1362 2748 Epist.
1381 2708 1495 2742 Graec.

563 2749 607 2785 ad
634 2750 780 2799 Geuev.)
801 2765 809 2786 z
831 2755 861 2788 οἱ
881 2754 1131 2799 Λακεδαιμόνιοι
1166 2755 1401 2805 φοινικοὸαφεῖς
1428 2760 1497 2793 ἐνε-

562 2802 672 2839 δύοντο
685 2804 829 2853 Θώρακας
839 2833 848 2850 ,
863 2805 884 2848 ἢ
898 2804 952 2840 ἵνα
964 2807 1167 2849 ἐκπλήττωσι
1180 2806 1251 2848 τοὺς
1265 2809 1435 2856 πολεμίους
1449 2813 1495 2860 τῷ

563 2856 688 2906 φοὸερῷ
703 2861 760 2901 τῆς
774 2859 903 2908 χροίας,
914 2858 935 2901 ἢ
948 2858 1002 2895 ἵνα
1018 2861 1155 2908 ἀγνοῶσι
1171 2860 1208 2896 τὸ
1222 2856 1304 2908 αἷμα
1318 2865 1359 2911 τῇ
1377 2878 1494 2900 κοινω-

561 2909 614 2960 νίᾳ
639 2913 697 2954 τῆς
721 2913 835 2960 βαφῆς.
855 2916 968 2948 Κυετ.
991 2917 1033 2948 V.
1059 2917 1162 2950 Haas.
1188 2915 1230 2950 ad
1247 2918 1410 2964 Xenoph.
1442 2922 1494 2955 De

560 2973 635 3010 rep.
657 2966 736 2999 Lac.
757 2976 791 3012 p.
821 2967 886 3011 193
912 2977 984 3012 seq.

609 3016 692 3060 321,
716 3018 760 3053 33
781 3020 798 3054 ὁ
823 3018 1070 3065 διακεκαυμένος
1088 3020 1206 3070 ἄνθραξ
1223 3023 1349 3059 Suidas
1366 3037 1392 3060 S.
1416 3026 1491 3062 Κα-

558 3068 714 3110 ταξαίνειν
734 3085 743 3106 :
770 3070 885 3121 ἄνθραξ
916 3084 984 3107 om.
1004 3085 1030 3107 s.
1054 3074 1235 3110 Φοινικίδα.
1251 3096 1298 3103 —-
1322 3078 1365 3122 37
1389 3091 1492 3114 voca-

559 3121 645 3158 bulo
673 3124 828 3175 θυμάλωψ
860 3127 1145 3174 praemittendum
1171 3129 1312 3166 videtur
1338 3126 1407 3167 εἶπε
1436 3135 1487 3169 vel

558 3175 629 3224 ἔφη.
648 3181 758 3216 Dmn.

607 3232 689 3276 322,
709 3239 753 3275 4ο
767 3235 795 3269 ὠ
810 3247 880 3270 0111.
896 3236 935 3271 R.

605 3284 685 3328 326,
700 3291 718 3326 4
729 3299 741 3320 1
763 3292 865 3324 ταῦτα
882 3288 944 3339 γὰρ
958 3290 987 3326 λ.
1008 3293 1050 3327 R.

606 3337 688 3382 3²7,
707 3340 752 3380 45
767 3338 904 3392 ’Ὄμηρα
924 3343 1058 3380 ἐκάλουν
1076 3345 1155 3404 Λ1ἀ.

1605 715 1688 762 336,
1714 716 1755 750 18
1770 718 1825 751 τοῦ
1841 717 1936 751 αὐτοῦ
1957 715 2036 751 Ald.

1605 769 1696 814 339,
1725 770 1770 803 26
1799 770 1884 805 Λακ.
1912 768 1941 805 εἴ
1961 783 1992 804 τι
2011 772 2068 805 σοῦ
2090 784 2122 819 φ.
2147 773 2190 806 R.
2214 794 2262 803 -
2283 770 2323 812 31
2357 769 2494 807 Παίωνα

1557 822 1636 859 Ald.
1646 821 1819 873 Ἰλλυριοὺς
1830 823 1886 859 καὶ
1898 823 2041 865 Παίονας
2051 832 2224 860 memorat
2236 825 2494 860 Demosthenes

1556 877 1701 923 Olynth.
1721 891 1751 921 1,
1767 889 1800 925 p.
1827 879 1878 919 13,
1898 882 1931 919 4.

1606 931 1691 973 346,
1713 932 1757 972 46
1780 930 1812 967 δὲ
1833 944 1902 966 0111.
1920 935 1957 965 R.

1608 986 1689 1030 348,
1708 986 1776 1022 3-8
1805 993 1858 1021 est
1874 986 2079 1021 recentioris
2099 986 2317 1033 grammatici
2344 993 2494 1021 annota-

1559 1038 1625 1081 tio,
1639 1039 1763 1075 vitiosa
1781 1040 1956 1087 scriptura
1975 1039 2155 1089 Παρνάσιοι
2170 1039 2317 1087 decepti.
2335 1042 2447 1075 Dum.

1608 1094 1690 1138 350,
1712 1106 1725 1128 1
1737 1107 1766 1137 1,
1789 1106 1828 1128 12
1847 1093 1918 1129 ἀντὶ
1931 1096 1987 1131 τοῦ
2005 1095 2062 1137 τῆς
2080 1094 2282 1142 ἐπανθράκης
2298 1094 2434 1134 σποδιᾶς
2455 1097 2488 1131 R

1558 1171 1606 1179 .-.
1623 1147 1786 1196 ἑναφιᾶσιν
1806 1147 1932 1185 Suidas
1947 1161 1973 1183 s.
1990 1147 2211 1191 Ἐπετίλησεν.

1608 1202 1689 1244 352,
1713 1214 1755 1248 19
1775 1202 1945 1238 καλοῦνται
1961 1202 2097 1237 addidit
2125 1201 2289 1237 Dindorf.
2321 1214 2368 1237 ex
2390 1201 2496 1237 Suida

1558 1266 1584 1290 s.
1623 1254 1750 1297 Δεινόν,
1775 1263 1930 1291 ceterum
1970 1256 2153 1291 omittente
2198 1269 2224 1291 s.
2248 1255 2496 1305 Ὀμφακίαν.-

1559 1319 1600 1342 21
1625 1306 1682 1349 τὰς
1704 1307 1920 1350 5111(1115.τοὺς
1934 1310 2012 1345 Ald.

1607 1360 1697 1404 366,
1724 1365 1785 1408 49,
1814 1363 1858 1397 50
1884 1361 2057 1397 edidimus
2082 1361 2273 1410 σχημάτων.
2297 1362 2498 1410 Legebatur

1558 1412 1776 1460 σκωμμάτων,
1794 1414 1924 1461 quibus
1941 1414 1998 1449 hic
2012 1427 2084 1449 non
2102 1423 2156 1450 est
2167 1416 2327 1451 locus.—
2340 1416 2386 1451 50
2394 1415 2497 1463 λέγειν

1558 1467 1634 1502 ΑΙά.
1652 1488 1697 1494 -
1718 1469 1757 1503 51
1780 1467 1835 1504 τὸν
1853 1467 1886 1504 δὲ
1899 1468 2065 1505 τυνουτοσὶ
2084 1471 2127 1504 Β..

1609 1522 1691 1565 368,
1710 1522 1754 1557 53
1775 1522 1888 1558 ἀσπίσι
1906 1526 1948 1558 R.

1609 1576 1677 1619 373
1695 1568 1759 1610 οἷον
1779 1577 1808 1611 οἱ
1827 1574 1955 1625 ῥήτορες
1970 1578 2012 1611 R.

1609 1629 1698 1670 381,
1715 1629 1779 1673 28,
1805 1641 1852 1675 29
1878 1628 2097 1678 κωμῳδικὴνῗ
2125 1631 2235 1665 Dum.
2257 1650 2307 1656 —
2330 1631 2371 1665 31
2394 1627 2497 1677 λέγειν

1559 1681 1623 1716 δεῖν
1639 1681 1719 1716 Ald.

1608 1736 1690 1778 384,
1710 1736 1767 1779 37,
1786 1737 1830 1771 38
1848 1735 1889 1771 τὰ
1901 1735 2066 1786 γὰρ-καὶ
2084 1749 2155 1772 om.
2169 1738 2191 1772 P

1608 1790 1690 1831 388,
1715 1795 1753 1831 41
1777 1791 1793 1825 ὁ
1816 1789 1851 1826 δὲ
1871 1792 1930 1839 ἱερ.
1944 1794 1986 1826 R.
2003 1812 2050 1818 —
2075 1792 2120 1833 46
2139 1792 2341 1842 κωμῳδικῶς
2358 1792 2403 1832 ὡς
2425 1806 2498 1828 κου’

1560 1844 1677 1892 ριῶντα
1698 1842 1905 1893 (κουρειῶντα
1931 1844 2047 1892 codd.)
2069 1845 2198 1880 Suidas
2226 1857 2253 1880 s.
2274 1843 2382 1886 Ἄϊδος
2405 1848 2495 1889 κυνῆ.

1557 1898 1708 1944 κωμικῶς
1725 1895 1779 1932 τὸν
1798 1898 1877 1933 Md.
1893 1897 2007 1940 παίξας
2027 1910 2096 1933 om.
2114 1898 2249 1934 Suidas.

1609 1953 1692 1997 391,
1715 1956 1760 1998 49
1780 1949 1919 2001 Ὁμήρῳ
1938 1955 2039 1987 R.—
2055 1953 2099 1987 5ο
2116 1951 2151 1994 ὃς
2173 1957 2213 1989 R.
2238 1952 2315 1989 And.
2330 1952 2497 2002 κέρδιστος

1558 2003 1746 2052 ἐπιχθονίων
1763 2005 1844 2041 Ald.

1608 2058 1695 2103 394,
1728 2058 1814 2092 52-1
1851 2059 1900 2094 sic
1929 2058 2034 2095 habet
2063 2063 2104 2096 R.
2133 2058 2202 2094 ἀντὶ
2233 2063 2290 2095 τοῦ
2319 2060 2495 2108 βαδιστέον.

1557 2109 1971 2162 μεταὸολὴ-Εὖριπίδου,
1990 2135 2038 2140 —
2056 2118 2076 2155 4
2095 2113 2290 2161 πολεμιστέα
2310 2115 2392 2149 Ald.

1607 2165 1692 2210 396,
1710 2178 1732 2211 9
1750 2165 1901 2214 δεσπότῃ.
1920 2167 1986 2203 Hic
2002 2167 2055 2203 διὰ
2067 2166 2101 2202 δὲ
2112 2170 2168 2202 τοῦ
2180 2167 2349 2209 δοκοῦντος
2365 2168 2495 2204 ἐπαίνου

1557 2217 1723 2253 διαὸάλλει
1745 2218 1798 2254 τὸν
1819 2219 1998 2269 Εὐριπίδην
2024 2221 2223 2268 (sequentia
2250 2234 2322 2258 om.
2349 2225 2426 2267 R.)‚
2447 2222 2495 2258 ὅτι

1557 2270 1672 2311 δεινοὺς
1688 2270 1883 2308 ἐπιδείκνυσι
1904 2272 1975 2315 τοὺς
1993 2272 2121 2313 δούλους
2144 2273 2199 2309 καὶ
2216 2276 2249 2310 ἐν
2270 2280 2341 2316 ταῖς
2363 2290 2494 2326 τραγῳ-

1556 2324 1637 2366 δίαις
1655 2325 1756 2360 addit
1771 2326 1850 2361 ΑΜ.
1865 2327 1999 2363 ΒεΙενί.
2024 2331 2133 2363 Recte
2153 2328 2320 2375 leguntur
2337 2330 2433 2365 infra
2450 2331 2494 2366 ad

1556 2390 1585 2412 v.
1607 2384 1687 2420 401.
1705 2382 1814 2415 Dum.
1832 2394 1932 2428 —9,
1957 2394 1999 2417 10
2024 2382 2231 2425 εἷ-συνετός
2253 2383 2289 2417 iu
2316 2385 2493 2432 principio

1554 2432 1676 2468 scholii
1691 2432 1798 2469 habet
1814 2437 1857 2471 R.

1603 2487 1684 2532 398,
1707 2489 1748 2522 16
1780 2489 1841 2523 τῶν
1862 2487 1925 2524 ἔσω
1946 2492 1989 2525 R.
2016 2497 2051 2524 et
2068 2490 2196 2526 Suidas
2214 2502 2241 2525 s.
2260 2489 2442 2536 Ἀναὸάδην
2459 2500 2493 2528 et

1472 2550 1479 2559 ³
1553 2552 1579 2575 s,
1595 2541 1667 2576 Οὐκ
1684 2539 1781 2576 ἔνδον.
1800 2540 1886 2579 ἔνδον
1902 2542 1981 2578 ΑΙά.
1996 2563 2034 2569 -
2060 2549 2170 2587 17-24
2188 2546 2229 2579 R.
2245 2543 2355 2581 habet
2370 2544 2411 2581 τὰ
2429 2546 2492 2581 Εὗ-

1554 2594 1677 2643 ριπίδου
1696 2594 1812 2643 ἰάμὸια
1828 2595 1962 2633 ἐπύλλια
1980 2597 2051 2647 ἔφη.

1600 2651 1689 2692 406,
1722 2650 1765 2684 38
1791 2652 1847 2693 τῆς
1865 2651 2032 2693 Λεοντίδος
2048 2652 2142 2699 apud
2165 2652 2390 2699 Stephanum
2408 2656 2488 2701 Byz.

1550 2709 1585 2737 et
1598 2705 1926 2750 Harpocrationem.

1601 2757 1691 2799 408,
1717 2761 1784 2802 44,
1804 2758 1849 2799 45
1874 2757 2063 2806 ἐγκύκλημα
2092 2762 2134 2794 R.
2166 2759 2225 2794 hic
2249 2768 2287 2794 et
2310 2761 2437 2796 Suidas
2461 2773 2487 2797 s.

1550 2807 1799 2856 Ἐγκυκλήθητι.
1812 2831 1860 2838 -
1878 2812 1923 2854 46
1941 2812 2190 2863 διαπράττεσθαι
2204 2813 2285 2848 Ald.
2296 2839 2343 2846 —
2359 2816 2405 2856 48
2420 2813 2481 2862 ἔγέ·

1548 2876 1602 2897 νου
1621 2871 1789 2909 quattuor
1801 2864 1882 2900 libri
1896 2865 2012 2901 Suidae
2027 2881 2035 2900 ε
2050 2866 2111 2901 sed
2128 2867 2233 2901 Paris.
2253 2870 2286 2901 A
2300 2870 2409 2914 γενοῦ.

1597 2922 1678 2961 410,
1697 2919 1716 2953 3
1732 2918 1802 2953 ἀντὶ
1819 2921 1873 2953 τοῦ
1886 2918 2044 2967 κέκραγας
2061 2924 2101 2956 R.
2117 2933 2226 2968 supra
2242 2929 2327 2956 ante
2341 2921 2485 2970 φαίνεται

1546 2970 1664 3005 habet.
1685 2991 1729 2997 —
1748 2977 1767 3013 4
1787 2977 1901 3020 φωνεῖν
1922 2973 2065 3008 Bekker.

1594 3025 1679 3067 415,
1704 3026 1744 3059 13
1760 3026 1828 3065 πῶς
1845 3029 1980 3062 Portus,
1996 3032 2058 3067 πᾶς
2068 3028 2146 3063 ΑΙιΙ.
2162 3047 2210 3054 ·—-
2226 3028 2268 3063 15
2287 3028 2428 3070 παλαιός
2440 3042 2481 3066 ex

1544 3079 1703 3113 Homero
1724 3078 1893 3115 additum.

1593 3132 1675 3176 418,
1689 3144 1732 3176 27
1749 3132 1958 3182 παραδέδωκε
1979 3138 2021 3170 R.

1592 3191 1673 3229 421,
1688 3189 1731 3222 R.
1751 3187 1847 3238 διερρ.
1869 3189 1917 3235 ἱμ.
1932 3187 2074 3229 αὔλακας
2092 3189 2179 3236 (sic).

1591 3242 1673 3284 426,
1697 3247 1741 3283 42
1765 3240 1870 3278 οὑτοσὶ
1890 3242 1917 3277 δ’
1942 3236 2028 3278 εἶπεν
2046 3255 2115 3278 om.
2134 3245 2186 3286 R.,
2206 3244 2267 3291 qui
2294 3245 2480 3291 sequentia

1541 3293 1947 3344 ἔκειτο-Βελλεροφόντου
1958 3305 2039 3346 post
2050 3296 2210 3333 scholion
2226 3309 2260 3332 v.
2277 3302 2347 3339 424
2363 3299 2481 3346 pouit.

1542 3350 1617 3385 Ald.
1637 3349 1772 3395 πλησίον
1792 3351 1847 3387 καὶ
1864 3356 1897 3388 B.
