2931 4012
524 433 590 464 152

519 514 605 555 λίους
617 512 793 552 διακοσίους
805 512 853 557 μ’.
903 502 1038 551 Ἄλλως.
1050 509 1205 551 σιτοδείας
1215 509 1292 546 ποτὲ
1305 508 1475 558 γενομένης

521 570 607 616 ε’ντῇ
631 567 774 615 Ἀττικῇ,
803 565 1030 614 Ψαμμήτιχος
1048 567 1064 600 ὃ
1090 567 1147 608 τῆς
1176 563 1298 608 Λιὸύης
1328 562 1475 612 βασιλεὺς

522 621 690 658 ἀπέστειλε
716 626 802 657 σῖτον
822 622 887 660 τοῖς
902 618 1076 663 Ἀθηναίοις
1095 618 1265 661 αἰτήσασιν
1284 617 1392 654 αὐτόν.
1419 619 1475 660 τῆς

522 679 555 713 δὲ
576 678 728 724 διανομῆς
747 674 918 723 γενομένης
934 676 991 708 τοῦ
1007 673 1094 708 σίτου
1112 671 1301 716 ξενηλασίαν
1320 671 1474 714 ἐποίησαν

489 741 505 764 ⁶
523 733 696 775 Ἀθηναῖοι,
721 730 776 765 καὶ
795 731 826 765 ἐν
844 730 889 778 τῷ
913 727 1083 776 διακρίνειν
1101 726 1172 767 τοὺς
1187 727 1360 773 αὐθιγενεῖς
1385 720 1473 775 εὗρον

520 786 577 824 καὶ
592 785 714 836 ἑτέρους
729 782 1002 832 τετρακισχιλίους
1028 780 1236 822 ἑπτακοσίους
1253 780 1407 824 ἑξήκοντα
1426 778 1475 821 ξέ-

521 856 591 882 νους
614 837 971 888 παρεγγεγραμμένους.
989 839 1082 871 τοῦτο
1098 830 1153 871 οὖν
1178 849 1273 881 φησι,
1297 834 1353 871 καὶ
1378 836 1410 870 ἐν
1429 837 1475 884 τῷ

520 897 707 945 ἐρευνᾶσθαι
725 892 817 940 μόγις
830 889 944 931 ἔλαὸες
961 889 1056 925 πέντε
1076 889 1262 937 μεδίμνους,
1278 888 1475 936 ἐγκαλούμε-

520 964 570 991 νος
587 951 629 989 ὡς
642 947 741 991 ξένος,
754 944 807 981 καὶ
819 944 948 985 τούτους
960 943 1030 980 οὐδὲ
1045 945 1096 994 ὑφ’
1110 943 1142 978 ἓν
1158 945 1190 979 ἐν
1205 943 1362 992 συντομία
1371 971 1380 986 ,
1392 942 1476 978 ἀλλὰ

473 1013 504 1038 ιο
520 1001 605 1039 κατὰ
623 1000 732 1051 μέρος,
750 997 833 1035 κατὰ
845 997 971 1046 χοίνικα
989 996 1046 1032 ἕνα
1061 1024 1070 1040 ,
1089 994 1178 1032 οὐδὲν
1204 994 1404 1046 διαφέροντος
1420 999 1475 1031 τοῦ

1222 423 1452 461 SCHOLIA
1483 423 1538 459 IN
1568 422 1735 459 VESPA
1745 423 1782 459 S.

1503 515 1509 589 Ι
1529 510 1572 548 εἷς
1595 507 1694 545 rau-rb
1721 508 1929 557 συναγόμενοι
1946 510 1975 545 οἱ
1998 510 2169 556 δικασταὶ,
2184 514 2241 548 τοῦ
2267 511 2402 561 κήρυκος
2423 514 2481 557 τὴν

1503 592 1507 612 γ
1528 562 1730 612 κληρωτρίδα
1752 561 1999 613 προσφέροντος,
2024 564 2151 601 έὸαλονγ
2166 565 2225 606 τὰς
2250 566 2383 616 ψήφους.
2406 568 2481 604 ἔνιοι

1503 614 1507 655 ἓ
1529 615 1562 651 δὲ
1580 615 1643 652 ἔσθ’
1663 615 1715 652 ὅτε
1739 618 1801 652 ὑπὸ
1819 616 1966 666 φιληδίας
1988 621 2138 667 κατεῖχον
2162 619 2271 660 αὐτάς.
2347 619 2481 662 Ἄλλως.

1503 679 1506 716 ,³
1529 670 1628 705 ἐνίοτε
1645 669 1714 717 μὲν,
1733 671 1841 720 φησὶν,
1865 670 1975 720 ἔφερον
1993 671 2134 719 στάμνον
2157 672 2211 708 καὶ
2233 673 2400 710 ἐνέὸαλλον
2418 689 2480 710 κα·-

1529 723 1659 771 θήμενοι
1676 727 1705 761 οἱ
1723 725 1874 762 δικασταὶ
1890 724 1947 763 τὰς
1972 726 2111 776 ψήφους,
2132 728 2230 764 ἐνίοτε
2258 728 2290 764 δὲ
2319 729 2374 764 καὶ
2392 731 2482 766 αὐτοὶ
2499 746 2514 768 t,

1529 778 1722 828 ἐγειρόμενοι
1740 779 1887 815 ἔὸαλλον.
1912 783 2005 816 τοῦτο
2022 774 2076 816 οὖν
2097 780 2200 829 λέγει,
2224 784 2241 817 ὁ
2257 782 2301 830 μὴ
2318 784 2482 833 ἐψηφοφο·

1530 831 1634 882 ρηκὼς
1647 833 1782 882 ἐγερθεὶς
1798 833 1955 882 βαλλέτω.

1577 900 1636 924 7⁵7.
1663 887 1762 937 πάρες
1773 881 1800 923 ὦ
1816 888 1929 937 σκιερά
1947 901 1956 924 :
1972 887 2055 924 Ἀντὶ
2071 892 2126 924 τοῦ
2141 882 2169 924 ‹T›
2182 890 2324 934 ἀσθενής.
2343 898 2379 926 R.
2395 892 2484 939 παρὰ

1501 960 1507 986 1
1529 941 1569 978 τὰ
1585 943 1620 977 ἐκ
1635 941 1888 991 Βελλεροφόντου
1901 941 2008 984 παίζει
2020 947 2122 980 ταῦτα
2133 958 2141 966 ·
2158 961 2173 975 α
2190 944 2305 993 πάρες,
2324 939 2361 992 (ὦ
2373 946 2486 992 σκιερὰ

1530 1013 1543 1027 ιι
1564 994 1703 1044 φυλλὰς,
1722 995 1853 1044 ὓπερὸῶ
1874 1002 2012 1046 κρηναῖα
2037 997 2136 1042 νάπη.
2162 997 2215 1033 τὸν
2242 998 2322 1048 ὑπὲρ
2346 1001 2486 1049 κεφαλῆς
2507 1018 2534 1040 w

521 1057 609 1093 σίτου
634 1057 761 1104 κριθῶν,
789 1056 832 1093 ὡς
848 1055 949 1087 κακοῦ
969 1051 1058 1087 σίτου
1081 1050 1333 1098 διανεμηθέντος.
1358 1051 1415 1090 Εἰς
1439 1049 1476 1085 rb
1531 1066 1546 1081 α
1564 1048 1662 1098 αἰθέρ’
1684 1048 1807 1085 ἰδέσθαι
1825 1049 1970 1094 σπεύδω,
1990 1050 2048 1086 τίν’
2065 1050 2134 1099 ἔχει
2156 1052 2268 1087 στάσιν
2290 1054 2436 1090 Εἰνοδία.
2457 1056 2484 1101 υ)

521 1110 609 1147 αὐτό.
628 1113 671 1151 ὥς
683 1110 778 1156 λιμοῦ
797 1106 965 1155 γενομένου
983 1108 1039 1141 καὶ
1052 1107 1115 1140 τῶν
1132 1105 1226 1147 ξένων
1240 1103 1476 1155 διακριθέντων,

520 1163 664 1200 τουτέστι
681 1160 954 1209 δοκιμαζομένων,
974 1161 1000 1195 εἶ
1017 1158 1150 1202 πολίτης
1167 1157 1216 1202 εἴη
1230 1158 1251 1202 ἡ
1270 1157 1338 1207 μή.)

568 1230 629 1255 721.
657 1215 897 1264 στομφάζοντας
917 1227 926 1248 2
950 1212 1250 1260 Ἀλαζονευομένους
1274 1214 1318 1254 εἰς
1341 1211 1377 1248 rb
1405 1212 1481 1248 στό·

475 1281 505 1306 ιδ
522 1287 580 1320 μα.
600 1277 637 1308 R.
664 1269 951 1316 ἀλαζονευομένους
967 1267 988 1312 ἡ
1007 1269 1257 1316 ἐπεγγελῶντας.
1280 1281 1318 1309 v.

570 1339 632 1363 72⁴2.
663 1326 700 1360 ἐκ
717 1323 836 1364 παντὸς
854 1324 981 1372 τρόπου.
1001 1332 1039 1360 V.
1170 1360 1182 1367 ,

570 1393 630 1418 72⁴.
658 1377 874 1427 (κωλακρέτου
902 1389 911 1413 :
945 1378 1212 1426 Περιφραστικῶς
1224 1375 1277 1411 τὸν
1295 1377 1478 1413 δικαστικὸν

524 1434 645 1485 μισθόν.
662 1433 739 1482 παρ’
756 1430 906 1468 ὑπόνοιαν
925 1431 978 1476 δὲ,
996 1430 1065 1466 δέον
1082 1431 1182 1465 εἰπεῖν
1205 1429 1286 1479 ζῴου
1304 1430 1411 1478 τινός.)
1431 1453 1479 1459 ——

522 1490 628 1527 πάντα
649 1502 717 1531 σοι,
736 1486 837 1536 φησὶ,
856 1486 971 1533 δίδωμι
986 1484 1071 1528 πλὴν
1087 1484 1153 1519 ἀπὸ
1171 1483 1334 1531 δημοσίων
1349 1488 1477 1535 τροφῆς.

474 1554 507 1577 ‘so
522 1551 597 1579 ven.

570 1609 629 1635 7⁴25.
657 1595 749 1646 (πρὶν
765 1595 803 1631 ἂν
819 1595 936 1644 ἀμφοῖν
955 1605 964 1630 :
985 1592 1082 1631 Κατὰ
1097 1593 1133 1628 τὸ

598 1678 668 1717 μηδὲ
683 1677 763 1713 δίκην
776 1675 913 1714 δικάσῃς,
924 1675 989 1714 πρὶν
1004 1676 1038 1704 ἂν
1054 1675 1157 1714 ἀμφοῖν
1174 1675 1261 1713 μῦθον
1276 1674 1412 1713 ἀκούσῃς.

522 1751 616 1797 ὑγιῶς
631 1748 664 1785 δὲ
679 1751 732 1784 ν’ὗν
754 1748 790 1783 τὸ
808 1750 926 1796 ἀμφοῖν
947 1748 1062 1782 κεῖται.
1081 1744 1154 1786 τοὺς
1168 1745 1356 1792 σκίμπωνας
1371 1744 1405 1780 δὲ
1426 1744 1482 1786 τὰς

526 1802 713 1852 βακτηρίας.
732 1800 844 1845 ἀτενὴς
859 1798 893 1836 δὲ
911 1798 1060 1847 μανικὸς,
1080 1798 1132 1835 διὰ
1147 1798 1184 1834 τὸ
1202 1798 1251 1834 ἀεὶ
1274 1798 1382 1839 ἀτενὲς
1404 1798 1481 1847 βλέ-

475 1875 507 1898 21,
522 1872 593 1893 πειν
609 1856 681 1898 τοὺς
701 1855 800 1905 μανίᾳ
816 1852 1060 1902 κατεχομένους.
1152 1854 1249 1897 ἀτενῆ
1266 1852 1320 1888 τὸν
1346 1852 1481 1900 μανικὸν

524 1917 577 1949 νῦν
605 1911 739 1962 εἴρηκεν.
768 1909 962 1959 ἠγριωμένοι
996 1909 1058 1957 γάρ
1088 1909 1150 1944 εἰσι
1172 1907 1227 1943 καὶ
1255 1907 1388 1957 ὕφαιμοι
1418 1909 1481 1943 τῶν

524 1965 673 2003 τοιούτων
690 1968 719 2002 οἱ
733 1965 913 2015 ὀφθαλμοί.)

572 2034 631 2058 m.
660 2017 877 2069 συγχορευτὰ,
890 2018 910 2053 ὅ
925 2019 994 2053 ἐστι
1009 2016 1150 2067 συνεργέ.
1164 2023 1203 2052 V.

572 2088 632 2112 τοο.
660 2074 829 2123 ἀτεράμων
851 2085 860 2109 z
884 2071 1004 2119 (Οῖονεὶ
1025 2070 1071 2119 μὴ
1087 2069 1249 2119 τεράμων,
1264 2069 1360 2118 ἀλλὰ)
1379 2072 1483 2114 σκλη-

477 2147 508 2170 30
526 2129 586 2179 ρός.
606 2129 703 2176 (ἔνθεν
728 2128 772 2174 δὲ)
799 2126 854 2162 καὶ
877 2126 1041 2175 ἀτέραμνα
1060 2124 1197 2174 (ὄσπρια
1223 2123 1354 2174 φαμὲν),
1377 2123 1418 2160 τὰ
1437 2125 1483 2173 μὴ

525 2183 663 2233 ἑψόμενα
682 2181 734 2217 διὰ
749 2179 967 2230 σκληρότητα·
986 2178 1076 2228 παρὰ
1098 2178 1135 2214 τὸ
1159 2182 1207 2222 [11.
1224 2184 1257 2221 Γ,
1283 2181 1341 2222 1⁴2]
1365 2195 1380 2209 οι
1393 2177 1482 2227 τέρεν

525 2236 609 2273 κατὰ
623 2236 722 2285 δάκρυ
738 2234 858 2283 χέουσα
873 2250 888 2264 ι»
907 2232 974 2279 (καὶ
989 2230 1128 2269 Πλάτων
1149 2236 1229 2277 [Leg.
1251 2243 1283 2276 ο,
1295 2246 1325 2276 p.
1344 2244 1409 2275 853,
1429 2236 1481 2275 D„]

525 2290 681 2341 κέχρηται
694 2292 734 2338 τῇ
749 2287 851 2334 λέξει,
868 2284 1083 2335 κερασὸόλους
1097 2284 1152 2321 καὶ
1167 2283 1364 2334 ἀτεράμνους
1381 2284 1483 2332 λέγων

525 2343 596 2385 τοὺς
615 2341 772 2392 σκληροὺς
790 2339 844 2376 διὰ
863 2339 981 2375 τούτων
997 2355 1011 2370 κ
1032 2337 1078 2386 μή
1095 2353 1143 2378 τις
1158 2337 1288 2385 γένηται
1308 2340 1371 2373 τῶν
1390 2339 1481 2373 πολι-

478 2416 509 2439 ³5
525 2400 589 2435 τῶν
610 2395 818 2447 κερασὸόλος,
843 2393 864 2438 ἡ
890 2392 1077 2443 ἀτέραμνος.
1099 2409 1112 2424 ν
1139 2392 1219 2441 φασὶ
1251 2389 1314 2441 γὰρ
1336 2391 1377 2427 τὰ
1400 2391 1484 2428 κατὰ

525 2455 588 2490 τῶν
606 2449 749 2501 κεράτων
771 2447 927 2498 βληθέντα
942 2448 1114 2495 σπέρματα
1130 2446 1295 2495 ἀτέραμνα
1313 2445 1481 2493 γίνεσθαι.)

574 2518 634 2544 734.
662 2502 842 2553 (ἐμφανήςς
861 2500 952 2538 Ἴσον
967 2502 1014 2551 τῷ
1035 2498 1188 2550 ἐναργὴς,
1205 2499 1279 2548 οὐχὶ
1300 2501 1348 2549 τῷ
1371 2499 1483 2550 φαινό-

527 2561 643 2609 μενοι)

574 2626 634 2652 7³7.
661 2612 695 2649 ὃν
714 2612 810 2647 ἅλικα
828 2610 987 2658 Ῥωμαῖοι
1011 2610 1175 2646 καλοῦσιν.
1191 2616 1230 2645 V.

479 2684 512 2707 ιο
576 2681 635 2705 738.
666 2664 810 2715 (σισύραν
830 2677 838 2701 :
869 2664 992 2714 Σισύρα
1016 2665 1162 2700 καλεῖται
1185 2663 1275 2712 παρὰ
1290 2663 1347 2710 μέν
1365 2678 1446 2700 τισιν
1463 2667 1484 2707 ἡ

530 2722 639 2772 βαίτη.
656 2719 725 2755 ἔστι
743 2719 776 2755 δὲ
791 2717 995 2767 περιὸόλαιον
1017 2719 1053 2753 ἐκ
1074 2717 1241 2767 δερμάτων
1263 2717 1486 2766 συνερραμμέ-

527 2790 590 2812 νων
609 2771 807 2824 προὸατείων
832 2771 970 2820 ἐχόντων
995 2770 1037 2807 τὰ
1058 2770 1139 2819 ἔρια.
1164 2772 1194 2806 οἱ
1209 2769 1242 2805 δὲ
1268 2769 1485 2820 ἀκριὸέστεροί

529 2843 608 2880 φασι
630 2828 766 2876 χλαῖναν
789 2824 933 2860 παλαιὰν
959 2818 1039 2859 εἶναι
1068 2822 1217 2859 ἁπλοΐδα.
1238 2822 1297 2864 τὴν
1326 2823 1425 2866 αὐτὴν
1450 2823 1484 2859 δὲ

528 2883 584 2921 καὶ
602 2879 734 2928 σισύραν
748 2880 883 2914 καλοῦσι
900 2878 955 2913 καὶ
973 2873 1135 2926 Ισισύρναν.

480 2949 512 2973 ⁴⁵
577 2949 638 2974 7⁴0.
664 2930 763 2982 ὀσφύν
786 2944 795 2968 2
827 2932 893 2969 Τὸν
921 2930 1011 2980 παρὰ
1040 2932 1177 2981 πλευρὸν
1205 2932 1348 2968 διάκενον
1374 2930 1481 2968 τόπον.

538 2995 613 3024 Vict.

578 3050 637 3075 7⁴³.
667 3039 895 3086 (νενουθέτηκεν
919 3038 1014 3074 αὑτόν
1035 3050 1046 3078 ;>
1063 3038 1102 3073 Ὁ
1129 3039 1431 3089 χορὸςάναδέχεται
1449 3038 1484 3075 τὸ

496 3123 499 3125 ,
530 3092 702 3142 πρόσωπον
719 3097 773 3130 τοῦ
792 3091 1026 3133 Φιλοκλέωνος.
1051 3091 1209 3141 μετέγνω,
1228 3093 1335 3143 φησὶν,
1353 3092 1405 3129 ἐπὶ
1420 3094 1484 3134 τοῖς

529 3147 763 3197 πεπραγμένοις
777 3148 864 3197 αὐτῷ
878 3146 1005 3193 πάλαι.)

581 3214 640 3237 751.
667 3202 789 3249 (κείνων
812 3200 930 3250 ἔραμαι
958 3213 968 3237 :
998 3200 1054 3242 Ἐξ
1084 3199 1277 3237 Ἱππολύτου
1307 3201 1483 3251 Εὐριπίδου

532 3258 616 3297 {2³0}

579 3308 658 3343 κεῖθι
678 3322 686 3345 :
708 3309 764 3345 Ἐν
781 3309 845 3350 τοῖς
863 3309 1099 3358 δικαστηρίοις.)

581 3374 639 3399 7ῡ·.».
666 3362 712 3403 τίς
728 3362 906 3413 ἀψήφιστος
923 3376 931 3399 :
947 3362 1051 3401 Ἔνθα
1065 3365 1098 3399 ἐν
1114 3368 1182 3403 ταῖς
1201 3362 1369 3411 δημοσίαις
1384 3364 1485 3405 δίκαις

482 3210 514 3233 m

1579 1115 1640 1140 759.
1671 1102 1862 1151 (κλέπτοντα
1885 1116 1894 1140 z
1919 1104 2060 1141 Ἀπειλεῖ
2076 1106 2303 1141 καταδικάσειν
2324 1106 2377 1142 τὸν
2397 1108 2485 1144 Κλέ-

1530 1171 1617 1202 ωνα,
1634 1158 1662 1192 εἰ
1673 1156 1772 1192 λάθοι
1790 1157 1886 1193 αὐτὸν
1901 1157 2137 1206 ἐγκαλούμενον
2155 1159 2229 1209 περὶ
2247 1161 2382 1204 κλοπῆς.
2401 1161 2437 1197 τὸ
2453 1162 2485 1197 δὲ

1530 1210 1604 1247 ὅλον
1628 1209 1779 1259 βούλεται
1803 1210 1990 1247 διαὸάλλειν
2015 1212 2068 1248 τὸν
2097 1213 2282 1249 δικαστικὸν
2300 1214 2415 1263 τρόπον
2445 1219 2488 1257 ὥς

1532 1265 1670 1314 σκληρὸν
1693 1265 1749 1301 καὶ
1776 1265 1924 1310 ἄπιστον,
1942 1265 2039 1302 ὁπότε
2059 1265 2134 1302 οὐδὲ
2150 1270 2197 1316 τῷ
2218 1267 2361 1312 Κλέωνι,
2378 1271 2431 1319 ἀφ’
2450 1265 2486 1306 οὗ
2508 1285 2536 1309 15

1530 1318 1568 1355 rb
1583 1317 1684 1366 ὄνομα
1699 1317 1768 1367 ἔχει
1783 1321 1800 1354 ὁ
1814 1318 2017 1364 Φιλοκλέων,
2031 1319 2145 1356 πιστόν
2160 1335 2192 1356 τι
2207 1321 2387 1370 φυλάττει.)

1581 1385 1639 1409 7⁸³.
1669 1371 1778 1426 (ᾍδης
1798 1374 1954 1423 διακρινεῖ
1973 1386 1981 1410 :
2003 1373 2060 1410 Ἐν
2085 1374 2251 1424 Κρήσσαις
2275 1376 2450 1425 Εὐριπίδου
2469 1379 2488 1411 ὁ

1532 1425 1658 1476 Ἀτρεὺς
1673 1426 1751 1476 πρὸς
1766 1426 1825 1471 τὴν
1843 1427 2008 1477 Ἀερόπην.
2047 1434 2146 1478 κρινεῖ
2162 1429 2293 1476 ταῦτα.)

1580 1492 1639 1518 7⁶4.
1668 1480 1760 1530 (κεχά
1782 1495 1863 1525 ηκας
1875 1484 1963 1516 ποῶν
1975 1493 1983 1518 :
1996 1480 2074 1517 Ἀπὸ
2090 1481 2232 1531 ῥήματος
2245 1482 2488 1532 περισπιι)μένου

1532 1537 1589 1569 τοῦ
1606 1536 1727 1583 χαιρῶ,
1745 1548 1763 1569 ο
1797 1536 1814 1569 ὁ
1829 1533 1957 1582 μέλλων
1974 1534 2145 1584 χαιρήσω.)

1581 1600 1640 1625 768.
1666 1590 1688 1631 ἡ
1710 1587 1826 1632 οηκὶςζ
1852 1587 1994 1637 (Σηκίδα
2020 1588 2078 1632 τὴν
2101 1590 2171 1625 κατ’
2190 1585 2275 1626 οἶκον
2294 1591 2490 1640 θεράπαιναν

1533 1640 1673 1689 λέγουσι.
1691 1642 1748 1678 καὶ
1773 1644 2013 1689 σεσημειῶσθαι
2040 1641 2129 1683 τινὰς
2154 1645 2197 1684 ὡς
2224 1645 2491 1693 ἀπεκδεχομένων

1533 1697 1628 1732 τινῶν
1644 1695 1703 1739 Ιινὶιν
1718 1695 1835 1740 σηκίδα
1846 1694 1972 1744 ὄνομα.)
1992 1717 2039 1724 -
2050 1698 2071 1740 ἡ
2088 1696 2247 1743 διάκονος,
2258 1700 2279 1741 ἡ
2299 1698 2488 1747 θεράπαινα.

1535 1752 1565 1786 οἱ
1582 1748 1617 1785 δὲ
1637 1749 1751 1797 ὄνομα.
1772 1759 1806 1787 R.
2394 1758 2397 1760 ’

1583 1815 1643 1841 769.
1672 1801 1804 1853 (ταύτης
1831 1802 2015 1848 ἐπιθολήνε
2040 1803 2154 1841 Λείπει
2184 1805 2344 1854 δραχμήν.
2373 1806 2492 1850 ταύτης
2510 1829 2540 1851 23

1534 1860 1593 1901 τῆς
1606 1856 1696 1902 δίκης
1711 1856 1789 1905 μίαν
1812 1856 1913 1906 μόνην
1931 1857 2082 1908 δραχμὴν
2105 1857 2259 1902 ἐπιὸολὴν
2277 1861 2399 1910 ψηφιεῖ.
2417 1863 2489 1897 ἐπι-

1535 1910 1636 1955 ὅολὴν
1652 1912 1688 1947 δὲ
1702 1910 1861 1958 ἐπιτίμιον
1877 1911 2008 1959 ζημίαν,
2026 1910 2117 1962 παρὰ
2131 1912 2168 1949 rb
2182 1912 2393 1961 ἐπιὸάλλειν.)

1585 1967 1700 2017 ψηφιεῖ
1723 1978 1732 2003 t
1757 1965 2006 2007 Καταδικάσεις.
2032 1966 2108 2014 μίαν
2130 1965 2230 2014 μόνην
2252 1979 2261 2004 z
2285 1968 2399 2004 Λείπει
2416 1969 2492 2018 δρα-

1535 2020 1637 2070 χμήν.
1661 2027 1743 2056 Vict.

1585 2087 1646 2112 771.
1670 2073 1764 2124 ἐξέχῃ
1785 2087 1794 2111 :
1814 2073 1964 2124 Ἀνίοχῃ,
1983 2074 2154 2124 ἀνατέλλῃ.
2180 2082 2256 2111 Vict-

1586 2140 1646 2165 772.
1675 2126 1758 2174 (εἵλη
1784 2129 1856 2163 κατ’
1876 2128 1988 2178 ὄρθρον
2014 2140 2022 2165 :
2045 2126 2133 2171 Ἔλη
2155 2131 2176 2173 ἡ
2202 2132 2259 2165 τοῦ
2275 2129 2366 2173 ἡλίου
2388 2131 2491 2179 αὐγὴ,

1537 2181 1675 2225 δασέως,
1693 2180 1866 2231 ληφθέντος
1881 2180 1914 2217 δὲ
1933 2181 1986 2217 διὰ
2000 2186 2055 2217 τοῦ
2070 2197 2097 2229 ι,
2110 2183 2222 2231 ψιλῶς.
2237 2204 2284 2211 -
2298 2184 2354 2220 καὶ
2371 2184 2492 2233 εἰρκτὸν

1536 2235 1591 2271 καὶ
1614 2234 1669 2270 ἐπὶ
1689 2238 1745 2270 τοῦ
1771 2233 1843 2270 ὁδὸν
1866 2234 1922 2271 καὶ
1949 2234 2052 2272 οὐδόν.
2070 2248 2106 2275 v,
2123 2257 2172 2263 —
2195 2237 2351 2286 γράφεται
2379 2238 2412 2274 δὲ
2438 2239 2493 2274 καὶ

1537 2289 1608 2326 κατ’
1630 2288 1721 2337 ὀρθὸν
1748 2290 1779 2324 ἐν
1806 2289 1946 2329 πολλοῖς.
1974 2288 2030 2324 καὶ
2054 2288 2261 2337 ἐξηγούμενος
2282 2291 2492 2342 Καλλίστρα-

1535 2341 1589 2383 τός
1600 2355 1695 2392 φησι,
1710 2339 1796 2377 κατὰ
1811 2340 1849 2377 rb
1864 2342 1964 2391 ὀρθῶς
1979 2341 2069 2391 ἔχον·
2086 2342 2158 2390 οὐχὶ
2173 2345 2205 2379 ἐν
2220 2345 2267 2392 τῷ
2282 2345 2495 2395 δικαστηρίῳ.
2511 2364 2543 2387 35

1537 2395 1574 2431 rb
1590 2394 1617 2431 δ’
1631 2394 1753 2443 ἡλιάσῃ
1773 2394 1912 2442 (μήποτε
1928 2394 1962 2431 δὲ
1980 2397 2079 2446 ψιλῶς
2094 2397 2309 2447 προενεκτέον)
2329 2398 2420 2449 παρὰ
2434 2399 2494 2443 τὴν

1537 2448 1701 2493 Ἡλιαίαν,
1726 2449 1806 2499 πρὸς
1825 2449 1916 2493 ἥλιον
1941 2449 2094 2487 δικάσειν.
2119 2451 2187 2498 ἅμα
2215 2451 2248 2487 δὲ
2275 2453 2382 2494 παίζει
2404 2454 2494 2502 παρὰ

1537 2503 1595 2548 τὴν
1609 2507 1666 2540 τοῦ
1682 2502 1774 2547 ἡλίου
1789 2502 1975 2552 ὀνομασίαν.
1993 2506 2124 2554 ψυχρῶς
2139 2505 2172 2541 δὲ
2187 2505 2328 2555 πέπαιχε
2339 2534 2349 2551 ,
2367 2507 2463 2557 φησὶν
2477 2509 2495 2543 ὁ

1538 2558 1695 2605 Δίδυμος,
1714 2557 1793 2607 πρὸς
1813 2557 1965 2605 τοῦνομα.
1989 2558 2099 2602 ἐπειδὴ
2128 2558 2189 2608 γὰρ
2218 2558 2289 2605 εἵλη
2316 2560 2445 2608 λέγεται
2472 2563 2492 2605 ἡ

1537 2615 1594 2648 τοῦ
1614 2611 1707 2656 ἡλίου
1731 2611 1832 2660 αὐγὴ,
1851 2611 1985 2649 ‘muniet
2004 2612 2038 2648 δὲ
2063 2612 2100 2649 τὸ
2125 2613 2342 2662 δικαστήριον,
2368 2614 2492 2655 παίζων
2511 2631 2543 2654 ⁴0

1538 2665 1636 2715 ἔφησε
1651 2665 1730 2716 πρὸς
1750 2665 1789 2701 rb
1810 2665 1970 2716 φιλόδικον
1993 2666 2041 2702 ὅτι
2059 2666 2188 2703 ἐπειδὰν
2207 2667 2335 2715 ἀνάσχῃ
2354 2670 2370 2702 ὁ
2387 2668 2493 2714 ἥλιος,

1537 2719 1681 2763 ἡλιάζειν
1700 2719 1824 2755 ἐνέσται
1850 2733 1911 2756 σοι.
1930 2719 2030 2761 οὕτως
2057 2719 2090 2756 δὲ
2116 2722 2145 2756 οἱ
2171 2720 2308 2756 Ἀττικοὶ
2326 2719 2378 2755 διὰ
2408 2725 2462 2756 τοῦ
2484 2736 2492 2756 ι

1538 2772 1628 2816 εἵλην
1643 2772 1801 2819 λέγουσιν.
1817 2772 1916 2814 οὕτως
1929 2772 2080 2819 Δίδυμος.
2123 2771 2282 2816 δικάσεις,
2299 2772 2395 2822 φησὶ,
2414 2773 2494 2822 πρὸς

1537 2825 1591 2862 τὸν
1616 2825 1707 2870 ἥλιον
1729 2824 1916 2873 καθήμενος,
1939 2824 2050 2867 ἔπαιξε
2072 2825 2106 2862 δὲ
2126 2824 2216 2875 παρὰ
2241 2825 2300 2869 τὴν
2327 2825 2492 2871 Ἡλιαίαν,

1537 2878 1574 2915 τὸ
1609 2878 1760 2926 μέγιστον
1793 2878 2012 2928 δικαστήριον,
2040 2877 2058 2914 ὃ
2087 2878 2206 2923 ταύτης
2231 2882 2290 2923 τῆς
2320 2880 2493 2926 ὀνομασίας
2511 2902 2542 2925 ⁴5

1538 2932 1631 2981 ἔτυχε
1647 2932 1700 2968 διὰ
1720 2930 1757 2967 rb
1774 2933 1807 2967 ἐν
1824 2930 1968 2981 ὖπαίθρῳ
1986 2931 2065 2968 αὐτὸ
2085 2932 2352 2980 ἀναπεπταμένον
2373 2933 2493 2982 βάλλε-

1537 2990 1610 3023 σθαι
1624 2988 1670 3036 τῷ
1684 2985 1790 3035 ἡλίῳ.)

1585 3053 1646 3078 774.
1672 3039 1779 3081 ὕοντος
1796 3052 1804 3077 :
1821 3039 1957 3080 'Yovroc
1977 3043 2032 3076 τοῦ
2053 3043 2123 3075 θεοῦ
2141 3039 2197 3076 καὶ
2214 3040 2371 3090 νίφοντος,
2384 3042 2491 3091 γνώσῃ

1538 3093 1715 3141 καθήμενος
1729 3092 1806 3142 πρὸς
1819 3093 1856 3130 τὸ
1871 3097 1935 3142 π’ῠρ
1949 3092 2008 3137 τὴν
2023 3093 2125 3137 δίκην.

2507 1558 2540 1580 ⁴20

2510 2096 2542 2119 30

1507 3143 1514 3222 ψ
1587 3147 1659 3194 (κᾶν
1674 3147 1752 3197 ἔγρῃ
1771 3160 1780 3184 z
1799 3146 1871 3184 Κᾶν
1891 3145 2032 3196 βραδέως
2048 3146 2112 3182 ἀπὸ
2131 3149 2188 3190 τ’ἧς
2207 3147 2316 3191 κοίτης
2334 3149 2491 3196 ἀναστῇς,
2512 3162 2541 3184 nu

1507 3231 1513 3264 ξ
1538 3201 1638 3243 οὐδεὶς
1669 3200 1855 3237 ἀποκλείσει
1882 3214 1918 3236 σε
1945 3204 2001 3237 τοῦ
2033 3200 2257 3250 δικαστηρίου,
2283 3204 2325 3242 ὡς
2352 3202 2492 3254 βραδέιιις

1537 3256 1680 3303 ἥκοντα.)

1589 3323 1649 3348 77⁶.
1677 3308 1869 3357 θεσμοθέτης
1896 3322 1904 3346 :
1931 3308 2010 3346 “Ort
2035 3309 2089 3346 καὶ
2116 3308 2307 3357 θεσμοθέτης
2330 3311 2493 3360 παρετύγ-

1510 3377 1516 3385 ·
1538 3378 1618 3413 χανε
1646 3362 1701 3399 καὶ
1728 3362 1843 3399 {mem
1867 3362 1909 3399 τὰ
1933 3362 2137 3413 δικαστήρια.
2171 3376 2178 3382 ·
2196 3392 2204 3400 .
2236 3367 2271 3399 V.
2351 3364 2491 3411 (Ἄλλως.

2489 425 2561 444 Ὕκ-
