2931 4012
1392 426 1546 464 PLUTL

2344 440 2414 471 595

537 515 618 561 957,
636 513 681 548 52
698 514 735 549 ἐκ
749 524 865 560 μεταφ.
888 515 946 556 V.,
959 510 1020 558 qui
1040 512 1146 550 κακῶς
1168 508 1345 545 κοπέντων.
1364 511 1425 544 Ce-
1477 520 1536 547 νες.
1562 510 1616 543 Ex
1634 509 1685 544 his
1704 522 1812 555 (pium
1829 510 1983 547 dilucide
1998 512 2200 560 colligatur,
2223 512 2308 549 illud
2327 513 2417 550 anti-

487 569 551 604 teri
568 564 1080 618 φαύλωςδιακεκομμένων.--54
1091 564 1422 614 μερίδανοοςιῑςυοω
1478 562 1613 607 quioris
1644 570 1759 606 notae,
1793 564 1890 611 quod
1924 564 2021 610 dixi,
2050 574 2087 601 et
2110 565 2177 601 hoc
2200 575 2381 603 enotatum
2396 581 2417 603 a

487 622 637 668 σύστημα
663 619 867 655 scholiastes
887 618 930 654 ad
960 631 993 653 v.
1015 619 1099 661 863,
1122 630 1197 652 eum
1218 630 1289 652 esse
1308 621 1425 663 partis

487 679 668 710 deterioris.
688 676 824 709 Hausw.

536 731 620 776 959,
640 729 707 769 4-8
724 740 793 763 om.
806 729 910 762 etiam
923 727 967 763 Θ.
981 753 1018 758 -
1040 738 1063 773 9
1078 725 1146 761 ἐστί
1163 738 1233 762 om.
1252 728 1295 761 V.
1308 724 1425 774 πρότε-

490 798 541 832 ρον
557 810 566 827 ,
588 796 630 817 ιο
650 780 719 816 νέον
743 778 814 815 τινὰ
833 775 886 815 ivri
906 781 952 829 τῷ
970 778 1217 829 συμφθείρεσθαι
1242 780 1324 827 αὐτῇ
1339 781 1424 826 Reg.

488 835 542 872 ἐπὶ
562 835 598 871 τὸ
622 837 666 871 V.
683 857 722 866 -
740 847 778 869 ιι
810 836 828 869 ὁ
852 832 884 869 δὲ
902 833 1084 876 πλουτήσας
1105 832 1327 882 ἀνεχώρησεν,
1351 835 1372 876 ἡ
1391 831 1425 868 δὲ

489 889 632 937 καταὸοᾷ
644 893 683 924 V.
700 889 798 924 Idem
811 887 906 923 aliud
918 887 962 923 ad
975 887 1069 922 hunc
1083 899 1116 922 ν.
1133 887 1291 922 scholion
1307 885 1425 932 habet,

487 947 585 992 γραῦς
601 942 680 990 πρὸς
694 941 748 978 τὸν
760 941 854 991 χορὸν
874 942 937 976 τῶν
952 940 1118 990 γερόντων.
1136 944 1157 985 ἡ
1175 940 1252 987 φίλη
1270 942 1326 976 τοῦ
1348 954 1426 975 νεα-

488 996 556 1032 νίου
568 1008 575 1016 ·
599 996 694 1044 quod
713 1008 783 1031 om.
797 998 839 1030 G.

537 1052 621 1097 961,
655 1051 695 1084 16
719 1048 790 1085 ἀντὶ
814 1051 870 1084 τοῦ
901 1049 1066 1089 παντιλῶς
1087 1051 1131 1087 V.
1159 1060 1229 1083 om.
1257 1051 1301 1083 G.
1317 1071 1357 1079 -
1384 1060 1423 1092 17

491 1104 700 1153 Ἐσφάλημεν
713 1115 784 1139 om.
801 1105 910 1138 Dorv.
930 1128 968 1135 -
986 1114 1029 1148 ¹9
1045 1101 1183 1150 γίνωσκε
1199 1114 1268 1137 om.
1286 1102 1329 1137 Θ.

539 1159 622 1205 963,
642 1170 682 1192 21
715 1156 779 1193 Καὶ
796 1170 916 1205 προσπ.
936 1160 979 1191 V.
1007 1178 1042 1186 —
1059 1168 1103 1190 22
1134 1154 1187 1191 καὶ
1217 1154 1426 1206 μειρακίσκην

492 1210 548 1258 μὲν
568 1211 685 1246 omisit
699 1210 825 1246 Suidas
841 1210 876 1244 in
893 1208 1053 1259 Ὦρικῶς,
1067 1221 1145 1256 quae
1160 1217 1274 1244 tamen
1300 1217 1337 1244 nt
1362 1209 1427 1244 ad-

491 1267 581 1309 sint,
599 1277 719 1300 sensus
745 1264 861 1312 poscit
885 1276 893 1298 :
918 1263 1086 1298 rationem
1108 1264 1200 1298 enim
1224 1263 1307 1305 ista,
1325 1262 1375 1298 διὰ
1393 1262 1427 1299 τὸ

492 1318 708 1370 τεθρυμμένον
724 1322 779 1355 τοῦ
795 1320 960 1368 ὠραϊσμοῦ
970 1346 980 1363 ,
995 1319 1197 1361 continent,
1213 1331 1278 1354 cur
1295 1319 1427 1355 facetus

492 1387 598 1410 senex
624 1372 832 1420 Chremylus
860 1372 1078 1420 prurientem
1108 1385 1234 1416 anum,
1260 1372 1427 1408 indecoro

493 1426 654 1463 vomendi
680 1426 798 1462 studio
815 1426 965 1473 virgines
981 1433 1082 1461 aetate
1106 1426 1271 1462 florentes
1284 1427 1427 1462 aemula—

494 1491 582 1525 tam,
600 1480 828 1528 appellaverit
848 1478 1071 1529 μειρακίσκην.
1098 1482 1231 1516 Ηειιετ.
1251 1503 1288 1510 -
1306 1481 1350 1515 23
1376 1493 1427 1528 sq.

492 1537 541 1571 sic
560 1537 596 1570 in
610 1538 653 1570 V.
672 1538 713 1570 In
732 1535 774 1570 Θ.
794 1533 872 1571 Ald.
889 1535 948 1582 ὥρ.
972 1532 1006 1569 δὲ
1023 1533 1229 1583 (νεωτερικῶς
1248 1535 1348 1570 addit
1370 1536 1427 1584 Θ.)

492 1589 512 1634 ἢ
530 1587 725 1638 εὖπρεπῶςῆ
745 1586 828 1624 κατὰ
843 1585 965 1637 καιρόν.
977 1588 1094 1635 Pergit
1111 1589 1153 1625 Θ.
1171 1591 1265 1624 τοῦτο
1287 1588 1322 1624 δὲ
1338 1584 1426 1626 εἶπον

492 1645 520 1679 oi
534 1643 676 1692 γέροντες
688 1640 880 1682 ἀκούσαντες
891 1643 966 1690 παρ’
983 1642 1090 1684 αὐτῆς.
1100 1664 1139 1671 -
1148 1642 1193 1677 28
1203 1641 1311 1686 ἔνηὸοι
1320 1644 1425 1678 Paris.

539 1699 623 1742 964,
644 1698 687 1732 32
706 1693 900 1743 ἐξεοχμένων
916 1694 974 1739 8.,
992 1695 1053 1741 qui
1068 1695 1113 1730 38
1131 1694 1229 1730 ἄδικα
1247 1694 1368 1731 habet.
1387 1718 1426 1726 —

494 1755 512 1791 4
522 1763 534 1785 1
556 1752 612 1785 τοῦ
627 1752 701 1799 ὁρᾶν
719 1748 925 1785 Schaeferus.

540 1815 623 1848 970,
640 1803 684 1845 45
704 1797 768 1838 οἶδε
784 1804 827 1837 V.
846 1803 890 1838 Θ.
909 1823 948 1832 -
962 1802 1008 1844 46
1025 1801 1088 1851 ἄρα
1105 1804 1146 1837 V.
1162 1825 1201 1833 -
1216 1807 1259 1846 47
1275 1803 1318 1842 ὣς
1334 1805 1426 1838 R.v.

492 1858 526 1894 δὲ
539 1868 609 1894 om.
622 1863 677 1901 V.,
693 1867 773 1905 post
786 1856 1020 1908 πανδοκεύτρια
1038 1859 1139 1905 ponit
1157 1861 1201 1894 R.
1220 1858 1428 1894 «Vocabulo

492 1910 726 1961 πανδοκεύτρια
745 1912 913 1947 nimirum
939 1924 1022 1947 usus
1044 1912 1157 1947 suerat
1175 1913 1428 1959 Aristophanes

494 1978 600 2014 supra
619 1978 652 1999 v·
673 1965 755 2007 426.
775 1965 832 2000 Sic
847 1971 881 1999 et
898 1964 1075 2009 πανόπτης,
1093 1963 1290 2013 πανόπτρια·
1306 1978 1429 2012 quam-

494 2021 548 2054 vis
569 2019 698 2065 alioqui
718 2019 793 2054 vice
808 2017 1000 2069 μαθητρίδος
1017 2026 1052 2054 et
1068 2018 1275 2067 ὀρχηστρίδος
1287 2045 1297 2063 ,
1320 2019 1429 2067 μαθή-

494 2087 583 2122 τριαν
601 2081 635 2108 et
652 2073 847 2122 ὀρχήστριαν
865 2072 982 2108 efferri
1000 2085 1072 2108 non
1085 2072 1222 2120 placeat
1240 2072 1429 2110 fastidiosis

496 2127 671 2164 Atticismi
699 2127 881 2174 magistris.
918 2129 957 2161 In
984 2127 1030 2173 gl.
1055 2128 1166 2162 Dorv.
1193 2126 1298 2162 scribi
1326 2126 1430 2163 debet

495 2181 660 2231 ψεύστρια.
675 2197 689 2212 1·
703 2183 839 2216 Hense.
858 2183 943 2228 Reg.
955 2194 1011 2215 :-
1022 2178 1131 2229 ὥσπερ
1144 2179 1287 2227 μαθητὴς
1301 2180 1356 2217 καὶ
1366 2195 1429 2229 μα-

496 2236 610 2282 θήτρια
621 2262 632 2283 ,
651 2234 705 2270 καὶ
721 2233 861 2278 αὐλητὴς
880 2233 935 2270 καὶ
951 2232 1119 2283 αὐλήτρια.
1148 2234 1214 2279 Qui
1232 2234 1255 2268 l.
1275 2235 1320 2270 50
1333 2228 1428 2278 ἦσθα.

546 2303 627 2337 972,
645 2290 688 2324 52
713 2287 762 2324 Τὸ
779 2286 883 2330 ἔπινες
898 2288 975 2338 παρ’
989 2291 1030 2324 V.
1060 2304 1075 2320 α
1090 2291 1168 2324 Hoc
1188 2288 1307 2336 priore
1325 2288 1429 2324 scho-

496 2344 543 2378 lio
556 2370 566 2386 ‚
590 2343 684 2390 quod
705 2343 877 2378 vetustius
895 2343 1109 2389 minimeque
1133 2343 1428 2378 contemnendum

497 2398 615 2433 linitur
641 2397 676 2431 in
697 2397 750 2432 his
779 2395 899 2433 verbis
927 2397 962 2444 (l.
983 2397 1017 2436 5)
1039 2391 1066 2446 ᾧ
1082 2395 1119 2431 ἂν
1136 2395 1288 2445 λάχωσι,
1317 2399 1431 2434 caruit

496 2451 610 2486 Suidae
628 2450 751 2493 codex,
767 2451 806 2485 in
820 2452 943 2499 paucis
961 2451 1020 2486 ille
1037 2450 1179 2497 quidem
1201 2450 1245 2486 ab
1261 2450 1340 2486 edd.
1360 2465 1428 2487 no·

496 2504 576 2539 stris
596 2503 798 2548 discedens,
827 2503 887 2538 sed
910 2515 989 2549 quae
1013 2510 1127 2538 tamen
1142 2516 1213 2539 non
1239 2505 1430 2551 neglexisse

496 2569 615 2604 operae
631 2556 675 2591 sit
691 2557 846 2604 pretium
861 2568 872 2593 ι
893 2555 978 2592 Ἀλλ’
992 2556 1029 2591 οὗ
1041 2578 1079 2587 -—
1091 2556 1271 2606 γράμματι,
1288 2556 1430 2608 Ἀριστο-

495 2611 596 2661 φάνης
605 2609 676 2645 ἀντὶ
684 2613 741 2645 τοῦ
753 2609 891 2652 ἑδίκαζες
904 2609 982 2659 (ista
988 2610 1124 2655 recidit,
1136 2611 1197 2659 qui
1207 2611 1430 2659 descripsisse

438 2684 445 2705 ς
495 2664 639 2701 saidam
654 2663 803 2709 videtur,
818 2664 922 2700 Mich.
933 2664 1091 2711 Apostol.
1106 2677 1139 2707 α,
1152 2666 1210 2709 85,
1219 2673 1254 2701 et
1265 2672 1429 2713 tanquam

495 2719 637 2765 vulgare
659 2717 884 2765 proverbium
902 2730 1084 2766 exponens
1110 2719 1268 2764 addidit,
1296 2719 1430 2755 ἐπὶτῶν

432 2792 446 2816 :t
494 2770 687 2821 μεθυόντων)
704 2784 711 2792 ·
733 2772 763 2807 οἱ
786 2770 848 2822 γὰρ
868 2771 1026 2814 Ἀθηναῖοι
1052 2771 1134 2807 κατὰ
1166 2772 1303 2822 γράμμα
1330 2774 1430 2817 ἔκλη-

493 2825 696 2877 ροῦντο,ἀπὸ
710 2827 775 2861 τῶν
794 2823 815 2860 ι’
835 2826 942 2875 φυλῶν
970 2826 1112 2873 (omisso
1132 2828 1270 2863 numeri
1295 2828 1429 2865 denarii

432 2927 434 2931 λ
492 2883 593 2928 signo
608 2879 735 2927 adjecit
750 2883 876 2969 Apost.
897 2879 973 2915 δέκα
990 2878 1024 2915 δὲ
1033 2875 1114 2924 ἦσαν
1131 2882 1164 2917 αἱ
1179 2880 1290 2929 φυλαί)
1302 2896 1311 2904 ·
1329 2876 1394 2918 οἷον
1407 2884 1429 2925 ἡ

434 2953 441 2983 3
491 2933 606 2983 πρώτη
620 2933 657 2970 τὸ
671 2934 757 2984 ἄλφα
774 2947 790 2968 ε
802 2946 843 2981 χε
857 2933 1001 2981 σημεῖον,
1019 2937 1040 2978 ἡ
1051 2933 1180 2984 δευτέρα
1196 2933 1233 2970 τὸ
1250 2937 1281 2983 β,
1297 2934 1351 2970 καὶ
1362 2936 1432 2984 lepe-

492 2988 549 3031 ξῆς
558 2986 653 3036 μέχρι
663 2991 719 3024 τοῦ
728 3001 760 3024 κ,
775 2988 913 3035 (Apost.
924 2986 961 3023 τὸ
971 2987 1068 3038 ἄλφα,
1078 2991 1098 3032 ἡ
1108 2987 1142 3024 δὲ
1156 2988 1287 3039 δευτέρα
1297 2988 1336 3025 τὸ
1347 2991 1431 3037 βῆτα

494 3036 563 3088 εἶχε
575 3047 705 3088 σημεῖον
715 3040 815 3091 μέχρι
827 3044 884 3077 τοῦ
896 3040 1115 3090 κᾶππα.)δίκα
1124 3041 1186 3092 γὰρ
1196 3043 1303 3092 φυλῶν
1314 3043 1430 3088 οὐσῶν,

494 3098 574 3135 δέκα
588 3098 730 3147 ἐγίνοντο
744 3101 894 3138 δικασταί
905 3101 916 3142 (
926 3103 1049 3150 Apost.
1066 3101 1204 3150 ἐγίνοντο
1219 3102 1408 3153 δικαστήρια
1418 3115 1429 3125 ·

494 3154 794 3201 quamlectionem
801 3168 845 3192 ne
852 3156 931 3203 quis
945 3164 1074 3192 temere
1084 3157 1429 3204 spernat,consnlen-

432 3223 436 3231 ·
495 3207 565 3243 dns
577 3214 629 3241 est
639 3208 749 3244 schol.
767 3208 811 3243 ad
822 3209 966 3258 v.a7·7)·
979 3212 997 3246 ὁ
1007 3204 1177 3258 οῧνλαχὼν
1190 3209 1227 3245 τὸ
1243 3210 1330 3260 ἄλφα
1338 3210 1430 3260 πρῶ-

432 3278 437 3291 1
498 3274 550 3300 τος
563 3261 610 3307 (id
636 3269 689 3296 est
704 3261 737 3296 ἰν
759 3262 806 3311 τῷ
818 3261 937 3312 πρώτῳ
951 3264 1145 3314 δικαστηρίῳ
1158 3267 1206 3314 τῷ
1222 3263 1341 3313 Ἄλφα)
1363 3263 1430 3299 ἐδί-

432 3333 439 3353 :
495 3316 586 3358 καζε,
604 3313 658 3349 καὶ
676 3314 717 3361 (οἳ
733 3322 829 3350 recte
840 3316 1036 3365 interponit
1046 3318 1183 3365 Apost.)
1196 3317 1287 3353 ἄλλοι
1302 3316 1428 3364 ὁμοίως.

495 3368 598 3417 Τάχα
613 3363 667 3404 οῧν
684 3368 736 3412 σὺ,
757 3370 848 3419 φησὶ,
863 3369 1010 3418 λαχοῦσα
1024 3371 1083 3407 οὔκ
1097 3371 1251 3415 ἰδίκαζες,
1270 3371 1342 3407 ἀλλ’
1357 3370 1427 3406 ἔπι-

1479 615 1588 650 Suida
1606 616 1763 652 scholion
1787 616 1916 652 diversi
1941 620 2096 666 parentis
2119 632 2191 655 esse
2220 621 2358 666 foetum,
2381 622 2417 657 in

1480 680 1586 704 unum
1605 677 1719 705 tamen
1740 679 1899 717 utraque,
1915 673 2009 707 velut
2026 674 2125 708 nullo
2145 673 2346 709 discrimine
2364 688 2418 711 se·

1474 722 1610 770 juncta,
1627 726 1826 760 conflarunt
1836 729 1890 761 Jo.
1905 729 2037 763 Meurs.
2053 729 2106 762 De
2120 728 2293 763 Archont.
2310 731 2341 770 3,
2363 742 2417 774 10,

1478 786 1515 813 et
1535 781 1571 814 S.
1594 779 1697 814 Petit.
1717 778 1761 813 ad
1778 781 1844 814 LL.
1864 782 1937 815 ΑΛ.
1957 792 1992 828 p.
2017 782 2082 826 196
2099 794 2107 815 :
2124 794 2195 829 quo
2211 783 2340 817 factum
2354 791 2418 828 cst,

1479 840 1518 868 ut
1539 832 1576 867 in
1591 844 1748 868 errorem
1764 833 1954 869 inciderint
1965 862 1973 878 ‚
1989 835 2049 869 sed
2071 836 2175 883 plane
2189 838 2404 871 contrarium

1480 887 1565 923 dum
1583 887 1639 923 hic
1655 887 1699 922 de
1714 887 1935 923 senatoribus
1953 896 2091 934 cuncta,
2110 889 2154 924 de
2167 889 2347 936 jndicibus
2362 891 2417 926 ille

1480 941 1746 989 interpretatur.
1775 941 1882 987 Atqui
1898 954 1967 976 non
1988 950 2106 989 potest
2122 942 2290 988 dubitari,
2313 943 2418 979 modo

1480 997 1559 1043 quis
1574 996 1729 1031 animum
1747 995 1953 1037 attenderit,
1976 996 2061 1043 quin
2084 997 2198 1032 solnm
2217 1005 2417 1033 senatorum

1480 1049 1640 1085 ordinem
1657 1049 1767 1097 prins,
1791 1050 1939 1085 alterum
1958 1062 2142 1086 consessus
2154 1050 2315 1097 judicum
2338 1059 2417 1086 tan-

1479 1111 1549 1151 gat.
1572 1106 1732 1140 Ceterum
1751 1103 1846 1150 quod
1859 1104 1991 1139 Petitus
2004 1104 2151 1139 rescribi
2162 1104 2265 1151 jubet
2283 1104 2368 1140 κατὰ
2383 1103 2420 1139 τὸ

1480 1156 1617 1207 γράμμα
1637 1170 1701 1205 pro
1721 1156 1777 1193 καὶ
1793 1155 1830 1192 τὸ
1845 1157 1993 1206 γράμμα,
2012 1166 2046 1193 et
2062 1158 2093 1193 ἐν
2114 1160 2160 1208 τῷ
2171 1158 2340 1208 γράμματι
2353 1172 2419 1206 pro

1479 1210 1706 1261 γραμματείῳ,
1723 1211 1932 1258 jamdudum
1947 1220 2027 1246 ante
2039 1213 2214 1247 Meursius
2232 1226 2303 1247 non
2321 1213 2420 1247 aliter

1479 1267 1519 1302 in
1535 1265 1624 1313 ipsis
1643 1265 1837 1301 scholiastae
1855 1264 1970 1300 verbis
1989 1264 2174 1301 exhibuit:
2193 1279 2314 1301 verum
2334 1279 2419 1301 ncu-

1483 1328 1536 1355 ter
1546 1319 1792 1355 animadvertit
1807 1319 1885 1354 vice
1899 1318 1953 1354 καὶ
1969 1318 2172 1356 ἐδουλεύοντο
2186 1315 2284 1366 οὗτοι,
2305 1321 2418 1367 legen-

1482 1372 1566 1408 dum
1584 1385 1659 1408 esse
1677 1371 1793 1413 οὕτως·
1814 1372 1979 1407 nimirum
2003 1372 2087 1408 κατὰ
2109 1373 2147 1410 τὸ
2168 1372 2324 1424 γράμμα,
2353 1374 2418 1418 vel,

1481 1426 1509 1462 si
1527 1427 1606 1473 quis
1631 1427 1699 1462 hoc
1726 1426 1839 1470 forte,
1867 1439 1921 1462 me
1951 1439 2019 1462 non
2039 1428 2151 1463 invito
2164 1455 2174 1472 ‚
2194 1428 2314 1470 malit,
2336 1427 2420 1463 κατὰ

1480 1478 1659 1529 γράμματα
1673 1492 1681 1500 ·
1699 1479 1994 1526 quemadmodum
2009 1481 2068 1515 diu
2083 1489 2163 1517 aute
2173 1481 2311 1528 judices
2324 1489 2418 1517 sorte

1482 1534 1576 1577 duci,
1598 1536 1704 1580 inque
1720 1546 1782 1569 sua
1794 1533 1943 1580 quisque
1961 1534 2147 1570 tribunalia
2163 1535 2254 1569 mitti
2271 1547 2417 1570 consue-

1482 1596 1615 1624 verant.
1635 1592 1807 1624 Praeterea
1822 1587 1956 1622 Petitus
1971 1587 2024 1623 ἐπὶ
2040 1588 2253 1624 Γλαυκίππου
2268 1601 2419 1636 sequen-

1483 1641 1576 1677 tibus
1591 1641 1847 1677 adnectendum
1858 1642 2005 1687 censuit,
2018 1643 2233 1690 suffragante
2248 1643 2418 1678 Kosa-ro:

1481 1709 1545 1744 ego
1565 1696 1710 1732 Meursii
1731 1696 1901 1731 rationem
1920 1695 2104 1742 approbo,
2127 1696 2187 1743 qui
2208 1697 2334 1732 Latine
2352 1696 2418 1731 ‹le-

1482 1751 1557 1786 dit:
1583 1754 1701 1797 Inquit
1714 1754 1803 1785 enim
1824 1751 2043 1784 Philochorus
2060 1750 2122 1785 snb
2144 1752 2342 1796 Glaucippo.
2374 1753 2421 1785 Et

1481 1815 1617 1841 senatus
1637 1814 1705 1841 etc.
1727 1819 1735 1839 :
1756 1805 1870 1839 solent
1892 1804 1983 1838 enim
2005 1805 2220 1851 grammatici
2241 1819 2309 1840 non
2329 1819 2420 1850 raro,

1482 1860 1648 1907 quoniam
1676 1858 1907 1893 Philochorus
1933 1857 2114 1893 historiam
2144 1871 2242 1894 suam
2268 1860 2418 1894 Atticam

1482 1914 1675 1949 secundum
1700 1924 1812 1947 annos
1840 1915 1974 1960 Regum
1994 1920 2100 1960 atque
2119 1913 2336 1949 Archontum
2364 1914 2420 1949 ‹li-

1482 1973 1647 2019 gesserat‚
1658 1964 1710 2001 ἐπὶ
1721 1964 1945 2009 Γλαυκίππου,
1957 1965 2011 2001 ἐπὶ
2026 1965 2169 2002 Καλλίου
2181 1966 2280 2001 verbi
2297 1968 2419 2013 gnatia,

1483 2030 1650 2069 tanquam
1679 2020 1849 2067 temporis
1876 2019 2027 2054 indicem
2049 2031 2089 2054 ac
2114 2020 2251 2054 titulum
2275 2032 2420 2066 ponere,

1483 2074 1549 2111 sub
1570 2088 1641 2122 quo
1655 2086 1711 2110 res
1729 2072 1804 2120 ejus
1820 2073 2023 2108 testimonio
2037 2074 2243 2108 confirmata
2272 2074 2418 2120 reperiri

1484 2137 1599 2177 queat.
1613 2132 1743 2163 Verum
1760 2127 1850 2163 idem
1862 2127 2192 2174 Meursfflsquando
2208 2128 2313 2170 istaec,
2327 2130 2421 2163 τοῦτο

1483 2182 1517 2218 δὲ
1538 2182 1592 2232 ἀφ’
1610 2181 1717 2232 ἑτέρου
1735 2181 1820 2217 ἐστὶν
1841 2183 2055 2232 ἑρμηνεῦσαι,
2084 2182 2133 2217 sic
2150 2182 2275 2217 Latine
2297 2182 2414 2217 reddi-

1483 2238 1558 2282 dit,
1590 2238 1675 2272 illud
1694 2244 1806 2270 autem
1830 2234 1877 2270 ab
1898 2238 1967 2270 alio
1990 2244 2102 2281 potest
2115 2238 2283 2282 explicari
2292 2263 2303 2279 ‚
2335 2237 2418 2283 qnid

1483 2291 1647 2334 voluerit,
1666 2302 1811 2338 prorsus
1832 2290 1957 2338 ignoro
1972 2303 1981 2325 :
1996 2302 2117 2325 sensus
2130 2297 2183 2325 est
2202 2290 2277 2325 sine
2293 2290 2418 2324 dubio:

1483 2348 1574 2381 illius
1592 2353 1718 2388 autem,
1737 2342 1840 2384 ἔπινες
1854 2343 1888 2379 ἐν
1904 2345 1951 2393 τῷ
1968 2343 2155 2394 γράμματι,
2177 2345 2420 2390 interpretandi

1483 2404 1645 2435 tutionem
1666 2400 1804 2433 alirmde
1827 2400 1949 2433 ducere
1971 2401 2049 2433 licet
2067 2411 2079 2432 .·
2103 2398 2190 2432 nihil
2217 2398 2284 2432 hoc
2313 2397 2419 2439 aliud,

1483 2466 1587 2502 quam
1605 2453 1847 2488 adsumentum
1861 2451 1959 2486 sutile
1978 2452 2190 2486 scholiorum
2209 2451 2419 2493 collectoris,

1484 2508 1544 2555 qui
1569 2515 1663 2542 certe
1688 2506 1924 2554 opportunius
1944 2505 2002 2540 hic
2029 2506 2183 2540 *olemne
2207 2505 2294 2540 illud
2316 2503 2420 2542 ἄλλως

1485 2561 1722 2608 interjecisset‚
1744 2572 1848 2606 quam
1862 2560 2020 2607 ineptam
2035 2559 2197 2593 laciniam
2218 2572 2225 2592 :
2245 2570 2322 2592 nam
2342 2570 2417 2592 ma·

1484 2615 1610 2650 nifesto
1633 2613 1751 2661 prodit
1766 2626 1803 2649 se
1821 2614 2024 2660 neutiquam
2045 2619 2238 2647 assecutum
2261 2622 2335 2645 esse
2357 2623 2418 2645 ve-

1486 2669 1568 2704 teris
1586 2668 1780 2704 sclioliastae
1808 2674 1961 2702 mentem
1975 2693 1984 2710 ,
2023 2667 2083 2713 qui
2115 2673 2210 2700 recte
2239 2665 2416 2701 Comicuin

1485 2722 1631 2769 intelligi
1652 2721 1729 2756 vult
1745 2733 1790 2756 ex
1811 2720 1874 2764 iis,
1896 2733 1974 2767 quae
1994 2720 2037 2754 de
2058 2718 2218 2766 judicum
2235 2718 2418 2753 sortitione

1485 2788 1591 2823 supra
1610 2775 1748 2810 fuerant
1762 2774 1805 2808 ad
1824 2786 1858 2812 v.
1874 2786 1941 2817 277
1959 2772 2144 2820 praedicta,
2162 2771 2222 2807 sed
2241 2783 2335 2806 nunc
2358 2785 2417 2806 so-
2441 2777 2449 2783 ·

1486 2830 1556 2865 lum
1578 2841 1622 2864 ex
1641 2827 1853 2863 Philochoro
1872 2827 2051 2874 prioribus
2074 2826 2172 2861 addit
2199 2837 2325 2860 novam
2349 2826 2418 2860 ob—

1485 2884 1716 2920 servationem
1736 2896 1745 2917 :
1766 2882 1801 2917 in
1815 2894 1885 2928 qua
1901 2881 1996 2929 quod
2009 2880 2154 2928 legimus
2168 2881 2215 2929 τῷ
2229 2878 2292 2929 πρὸ
2305 2878 2418 2915 τούτου

1484 2937 1560 2983 ἔτει,
1578 2949 1650 2972 non
1666 2944 1719 2972 est
1740 2937 1869 2971 nullius
1892 2935 2071 2977 momenti,
2094 2947 2160 2970 nec
2180 2942 2308 2969 temere
2329 2945 2419 2980 prae-

1486 2990 1712 3027 tereundum:
1728 2988 1833 3025 debet
1848 2989 1942 3024 enim
1961 2989 2054 3024 haud
2066 2989 2166 3024 aliter
2174 2987 2298 3039 accipi,
2312 2999 2416 3033 quam

1484 3046 1512 3082 si
1530 3045 1699 3092 scriptum
1723 3043 1830 3085 soret,
1850 3045 1898 3092 τῷ
1911 3042 1976 3092 πρὸ
1988 3046 2043 3079 τοῦ
2057 3041 2204 3079 Πλούτου
2223 3040 2302 3085 ἔτει,
2320 3040 2417 3086 quod

1483 3101 1598 3148 ipsum
1630 3098 1778 3133 fortasse
1813 3109 1885 3132 non
1917 3097 2032 3132 deerit
2078 3096 2139 3142 qui
2173 3093 2415 3141 reponendum

1484 3154 1602 3201 potins
1619 3151 1795 3187 existimet
1807 3179 1817 3196 ,
1835 3151 1888 3186 vel
1903 3177 1913 3194 ,
1928 3149 1991 3199 πρὸ
2007 3151 2064 3192 τῆς
2082 3151 2139 3183 τοῦ
2157 3146 2304 3183 Πλούτου
2317 3146 2415 3182 καθέ-

1483 3221 1562 3248 σεως
1574 3219 1582 3227 ·
1598 3219 1691 3241 anno
1709 3212 1809 3248 ante,
1826 3217 1932 3252 quam
1946 3204 2065 3238 Plutus
2087 3203 2120 3237 in
2141 3213 2279 3237 scenam
2303 3201 2414 3236 fuerat

1482 3262 1601 3304 datus;
1622 3261 1711 3295 sicut
1738 3261 1774 3295 in
1804 3258 1910 3293 schol.
1935 3256 1978 3291 ad
2000 3255 2139 3301 Lysistr.
2159 3267 2188 3289 v.
2211 3254 2325 3300 1096,
2353 3254 2415 3303 πρὸ

1483 3318 1562 3352 ἐτῶν
1584 3315 1749 3364 τεσσάρων
1774 3315 1831 3355 τῆς
1852 3309 2010 3348 καθέσεως
2033 3307 2145 3344 τούτου
2163 3311 2218 3344 τοῦ
2236 3306 2406 3358 δράματος·

1483 3381 1563 3405 nam
1588 3368 1776 3416 depravate
1798 3365 1916 3400 editur
1931 3361 2140 3402 καταθέσεως.
2169 3367 2197 3398 Α
2219 3361 2319 3396 nobis
2345 3374 2410 3396 non

2195 3429 2231 3457 38
