2931 4012
1115 446 1261 482 INDEX
1285 445 1503 482 NOMINUM
1530 446 1592 481 ΕΤ
1619 446 1797 484 RERUM.

491 532 627 559 Messene
640 528 762 566 urgebat
782 527 1020 557 Lacedaemonem
1036 526 1116 565 (post
1138 526 1331 557 delectionem
1345 526 1430 557 lieto-

533 571 655 606 iarum),
668 572 741 609 Lys.
761 573 828 601 1141
850 578 896 609 sq.
914 570 1141 600 Messeniorum
1156 569 1289 606 desectio
1310 569 1351 600 ab
1373 570 1432 598 La-

533 613 729 644 cedoemomis
741 614 772 643 et
787 613 918 649 bellu-m,
931 614 1002 650 Lys.
1025 614 1107 642 lili-¹0.

500 657 682 694 Messanam,
696 655 805 686 lochus
818 655 1139 691 Lacedaemoniorum,
1151 657 1225 694 lys.
1240 657 1306 685 453.

495 699 725 737 Methymnoens
738 701 845 735 Arion,
858 700 913 729 Av.
932 700 1015 729 1403.

498 742 681 772 metientium
696 745 834 772 accurate
849 741 1047 772 instrumenta
1068 744 1259 773 recensentur
1279 744 1360 773 Ran.
1376 744 1433 773 799

533 789 639 822 -801,
651 786 861 824 explicantur
872 788 907 815 in
920 785 1033 816 scholi.

494 829 763 867 uetoecitanquam
778 829 890 860 civium
901 829 1012 867 giumo,
1035 829 1110 860 Ach.
1136 833 1202 861 508.
1224 829 1310 861 Adde
1332 829 1432 868 inqui-

533 873 595 903 lini.

494 918 604 953 ueton,
625 918 763 954 optimus
785 917 985 947 astronomus
1006 918 1039 947 et
1062 918 1238 955 qeonwcra,
1259 917 1293 946 in
1317 915 1432 947 Avibus

531 959 653 989 advenit
664 959 890 990 Nubicucuiiam
907 968 1006 990 aerem
1018 959 1210 990 dimensurus
1224 961 1255 990 et
1262 959 1367 997 iugera
1385 958 1431 989 di-

532 1005 701 1041 rempturus
718 1011 727 1031 :
741 1005 808 1041 post
824 1002 980 1033 ridiculam
991 1003 1271 1033 demonstrationem
1285 1002 1358 1032 ariis
1370 1010 1432 1032 sum

531 1054 599 1075 eum
623 1045 798 1076 verberibus
827 1046 955 1084 abigitur
985 1055 1003 1076 a
1033 1046 1224 1083 Pisthetaero,
1246 1048 1428 1076 992-1020.

530 1091 613 1118 Erat
628 1097 712 1127 paqo
727 1090 951 1120 Leuconoensis
959 1098 973 1124 ‚·
987 1089 1243 1127 struxitsontem
1254 1089 1304 1119 vel
1316 1089 1429 1126 sontes,

531 1133 725 1162 itii-morante
753 1131 932 1169 Phrynicho
959 1134 993 1162 in
1014 1133 1200 1170 Honotropo
1209 1139 1221 1166 ς
1239 1133 1273 1161 in
1302 1131 1428 1167 Colono,

530 1175 580 1205 vel
593 1174 767 1205 secundum
795 1175 1022 1206 Philochorum
1046 1177 1079 1206 in
1103 1177 1206 1213 Pnyce
1218 1175 1264 1205 ad
1286 1182 1428 1211 murum,

527 1219 720 1248 consecravit
733 1218 955 1257 heliotropium
968 1219 1120 1249 archonte
1130 1218 1281 1257 Apseude.
1294 1219 1429 1248 Metonis

528 1269 645 1298 annus,
661 1264 728 1291 997.

489 1303 617 1343 [Meu-a.
642 1304 879 1342 Ἱππωνὰκτειον,
901 1305 952 1335 Pl.
981 1308 1053 1343 253,
1076 1305 1160 1336 Nub.
1187 1305 1276 1342 ¹032;
1299 1305 1429 1344 δίμετρον

528 1348 763 1388 Ἁνακρεὸντειον,
784 1348 837 1378 Pl.
869 1351 941 1386 253;
970 1349 1164 1388 ἑφθημιμιρὲς,
1186 1349 1237 1379 Pl.
1265 1351 1333 1385 302,
1355 1352 1428 1386 598;

528 1393 760 1429 anapaesticum
775 1393 1011 1429 tetrametrum,
1034 1393 1085 1423 Pl.
1109 1394 1175 1422 487.
1187 1391 1277 1422 Idem
1288 1394 1428 1422 metrum

527 1435 648 1465 dicitur
660 1434 944 1473 Aristophaneum,
961 1435 1012 1464 Pl.
1033 1437 1099 1465 487.
1122 1435 1210 1470 Βάσις
1223 1435 1427 1473 &vanata-timi,

527 1480 592 1508 sive
605 1478 790 1516 μονόμετρον,
812 1478 864 1507 vel
884 1479 1104 1517 παρατὲλευτον,
1123 1478 1173 1509 Pl.
1191 1481 1258 1515 598,
1280 1481 1337 1517 Eq.
1361 1480 1426 1509 504.

525 1522 591 1552 Met
595 1529 667 1551 rum
680 1521 880 1559 παροιμιακὸν,
893 1521 944 1551 Pl.
958 1523 1033 1558 5985
1046 1522 1213 1551 δακτυλικὸν
1227 1522 1428 1561 πενθημιμερές

524 1566 590 1594 sive
601 1563 845 1601 Archilochium,
858 1563 941 1594 Nub.
956 1566 1028 1601 274;
1040 1565 1207 1595 δακτυλικὸν
1219 1565 1426 1602 ἀκατάληπτον,

525 1607 609 1646 quod
623 1606 733 1637 itidem
756 1606 989 1637 Archilochium
1009 1607 1141 1645 dicitur,
1160 1607 1235 1638 ibid.
1251 1607 1423 1638 Pherecra-

525 1652 623 1687 leum,
634 1652 700 1680 sive
715 1650 867 1690 τροχαῖκὸν
882 1650 1011 1689 δίμετρον
1035 1651 1319 1690 βραχυκατάληκτον,
1341 1651 1424 1681 Nub.

524 1694 591 1723 457.
606 1693 798 1731 Ἁλκμὰνιιον,
808 1694 873 1723 sive
884 1694 1051 1723 δακτυλικὸν
1065 1695 1258 1734 ἑφθημιμιρίς,
1278 1694 1348 1724 ibid.
1370 1695 1425 1725 Εὐ-

525 1738 667 1767 πολίδιιον
691 1738 806 1777 quate,
828 1737 911 1768 Nub.
934 1740 1007 1775 518;
1029 1739 1221 1776 Γλυκὼνειον,
1244 1738 1327 1770 Nub.
1353 1742 1424 1776 503,

525 1783 604 1810 Rim-
627 1784 694 1818 326,
711 1784 802 1817 1282;
821 1781 1028 1820 Φερεκράτειον
1041 1782 1236 1821 ἕφθημιμιρές,
1251 1781 1335 1812 Nub.
1351 1785 1425 1818 5635

524 1824 682 1862 Ἀλκαῑκόν,
705 1827 784 1855 Ran.
804 1827 879 1862 326;
897 1824 1041 1862 Αἰολικὸν,
1063 1827 1143 1856 Ran.
1163 1828 1251 1864 12953
1273 1827 1425 1865 τροχαῑιὸν

525 1867 716 1905 ὶῦυφαλλικόν,
727 1868 760 1897 τὸ
771 1867 946 1905 πηλούμενον
956 1867 1157 1906 Ἀρχιλόχειον,
1171 1870 1229 1908 Eq.
1244 1871 1319 1905 753;
1340 1868 1424 1898 ἀσυν-

524 1912 642 1949 άρτητον
657 1912 847 1951 Εὐριπίδειον,
861 1911 950 1949 ibid.,·
963 1913 1154 1950 ἰθυφαλλικόν,
1172 1915 1259 1951 Vesp.
1275 1915 1348 1949 24⁸5
1360 1913 1425 1942 κατ’

525 1954 665 1990 ἐνόπλιον,
680 1954 763 1985 Nub.
784 1957 853 1991 851,
869 1958 935 1984 052.
957 1956 1060 1985 Κῶλον
1078 1955 1269 1994 προσοδιακὸν
1285 1956 1426 1993 καλούμε-

524 2007 584 2032 νον,
600 1998 652 2025 Au.
677 1998 745 2026 738.
766 1999 813 2026 De
825 1996 976 2034 spondoeo
990 1998 1024 2027 in
1046 1999 1148 2028 metro
1165 1997 1321 2028 trochaico
1339 1997 1423 2029 Nub.

525 2043 580 2069 518
595 2039 696 2076 (salso
708 2039 880 2074 traditur).
893 2040 993 2080 Kosa]

482 2083 660 2121 Metrophon
674 2082 744 2119 (non
756 2086 803 2113 est
817 2083 916 2113 tabula
928 2083 1154 2123 Aristophanis),
1162 2093 1197 2123 p.
1210 2086 1279 2122 44⁶,
1293 2084 1322 2114 b.

482 2126 572 2162 Mica,
586 2133 700 2155 nomen>
710 2126 855 2164 mulieris,
875 2126 997 2157 Thesm.
1008 2130 1075 2158 780.

481 2169 574 2206 Μίοο,
590 2168 685 2207 pictor
699 2173 881 2200 Amazonum
897 2171 1093 2209 pugnantium
1105 2172 1140 2201 in
1156 2172 1283 2209 Poecile,
1295 2170 1423 2202 Phano-

522 2213 574 2242 chi
581 2212 687 2250 filiu-5,
700 2213 905 2251 Atheniensis,
920 2216 990 2253 Lys.
1008 2216 1075 2245 679.
1093 2216 1132 2245 In
1144 2214 1298 2245 comoediis
1311 2222 1424 2245 niema-

522 2258 621 2329 rlatgyir
634 2258 731 2286 etiam
753 2257 837 2288 alius
855 2259 949 2296 Mica,
971 2258 1010 2288 ob
1029 2259 1257 2297 paupertatem
1282 2259 1422 2296 notatus,

523 2307 533 2328 1
557 2308 566 2327 ι
595 2322 601 2328 .

483 2341 587 2379 Midas,
603 2350 662 2373 rex
674 2343 827 2382 Phryyioe
839 2344 1029 2384 ditissimus,
1043 2344 1166 2374 auribus
1182 2344 1317 2382 asininis,
1332 2345 1424 2382 cujus

521 2388 568 2415 rei
592 2389 700 2417 varias
713 2388 938 2425 explicationes
952 2388 1102 2427 afferunt
1114 2388 1225 2418 scholl.
1251 2388 1424 2419 Dicebatur

522 2432 587 2467 ipse
600 2432 632 2460 in
645 2433 773 2462 asinum
784 2440 902 2469 versus,
914 2435 993 2472 quia
1004 2432 1167 2463 Bacchum
1178 2434 1421 2471 contempsisset,

523 2474 572 2503 vel
596 2474 708 2505 Bacchi
731 2477 854 2511 asinos;
872 2484 974 2515 quare
998 2478 1105 2506 iratus
1126 2474 1203 2505 deus
1225 2477 1372 2506 asininas
1394 2478 1422 2506 ei

522 2525 618 2547 aures
633 2517 806 2557 addiderit,
819 2519 871 2549 Pl.
885 2522 952 2557 287,
966 2519 1021 2550 ubi
1032 2520 1120 2558 plur.
1135 2518 1233 2549 uidae.

480 2560 593 2592 Midas
604 2561 771 2600 (Midiase')
783 2562 897 2601 μὼμαξ,
912 2570 954 2593 ex
962 2564 1059 2601 poeta
1069 2564 1195 2600 comico,
1210 2563 1299 2593 Prot.
1322 2565 1378 2600 VI,
1393 2566 1422 2601 8,

521 2604 621 2640 μῐμαξ,
634 2605 694 2641 ΙΧ,
708 2612 740 2641 a,
754 2608 784 2642 3,
795 2613 831 2643 p.
845 2613 928 2635 uin.

478 2645 589 2682 Midas,
606 2655 720 2684 servus,
743 2649 828 2686 vesp.
844 2650 910 2679 ⁴33.

480 2689 589 2725 Midias
603 2690 790 2721 Atheniensis
802 2691 946 2721 coturnix
958 2691 1147 2730 nominatus,
1158 2691 1265 2723 similis
1277 2692 1422 2723 coturnici

521 2732 559 2762 ab
579 2733 635 2762 alia
649 2742 781 2771 pugnat-‚e
801 2734 832 2764 111
852 2736 942 2773 caput
963 2734 1048 2773 ictae,
1069 2737 1123 2765 Au.
1154 2737 1312 2767 1297-99.
1338 2737 1422 2767 Brat

521 2776 725 2814 ὁρτυγοκόπος,
745 2778 883 2816 aleator,
898 2778 1061 2816 yallorum
1076 2780 1193 2817 puynis
1209 2778 1353 2816 studens,
1368 2781 1424 2809 im-

521 2819 651 2857 probus,
674 2819 884 2858 sycophanta,
895 2821 1075 2859 peculator,
1096 2823 1128 2851 et
1147 2822 1288 2852 aliorum
1305 2823 1422 2861 plenus

522 2862 683 2898 vitiorum,
701 2870 775 2901 quoe
784 2865 890 2893 omnia
906 2863 1140 2901 confirmantur
1151 2864 1265 2894 allatis
1276 2865 1352 2896 locis
1368 2867 1423 2896 Go-

522 2908 688 2943 micorum,
714 2910 796 2937 1297.

478 2948 604 2987 Midon,
615 2952 711 2987 pater
723 2950 773 2980 vel
787 2952 940 2989 mayister
959 2951 1168 2990 Lamproclis,
1180 2950 1264 2982 Nub.
1277 2953 1344 2981 967.

479 2993 646 3026 Milanion.
671 2993 743 3024 Vide
762 2994 920 3025 Melanion.

481 3035 595 3066 milesia
617 3036 684 3066 lana
703 3037 939 3076 pulcherrima,
965 3039 1038 3076 Lys.
1060 3040 1129 3069 729.
1144 3037 1257 3068 Milesia
1280 3036 1421 3074 stragula,

525 3078 676 3116 pulchra,
691 3080 816 3118 mollia,
832 3083 940 3118 varia,
956 3083 1038 3112 Ran.
1055 3083 1121 3112 5⁴3.

479 3120 586 3151 niiesii
598 3144 606 3158 ‚
622 3122 721 3153 coloni
737 3124 990 3162 Atheniensium,
1006 3126 1062 3163 Eq.
1076 3127 1143 3155 932.
1160 3123 1266 3154 Milesii
1279 3122 1350 3153 olim
1363 3123 1421 3153 sue-

521 3166 593 3193 runt
608 3165 697 3195 sortes
705 3187 713 3202 ‚
725 3166 894 3197 oraculum
905 3165 1067 3206 respondit
1081 3167 1245 3205 Polycrati
1259 3168 1361 3196 Samio
1372 3174 1421 3197 eos

520 3209 617 3237 socios
630 3211 767 3246 cupienti
773 3221 786 3247 ,·
800 3210 976 3241 secundum
991 3213 1156 3242 Dentonem
1169 3210 1226 3240 hoc
1237 3217 1421 3248 responsum

521 3253 595 3280 erat
617 3252 751 3282 Caribus
777 3261 886 3284 eorum
907 3255 1038 3290 vicinis,·
1056 3253 1243 3292 quibuscum
1263 3252 1420 3283 nihilomi-

522 3303 583 3323 nus
612 3296 728 3324 Persas
752 3295 879 3333 adorti,
902 3305 1001 3336 prope
1029 3303 1133 3327 omnes
1159 3297 1344 3334 perierunt‚·
1374 3299 1421 3327 est

522 3338 618 3366 etiam
642 3337 731 3375 apud
745 3341 970 3370 Anacreontem
987 3340 1144 3377 (v.not.),
1158 3339 1211 3370 Pl.
1233 3343 1315 3369 1002.
1338 3338 1419 3369 Idem

523 3379 714 3417 proverbium
730 3381 780 3411 Pl.
805 3384 885 3412 1075.
908 3382 1009 3413 Milesii
1027 3383 1176 3421 (suspecti
1195 3382 1335 3420 Cleoni),
1360 3384 1419 3421 Eq.

522 3425 588 3453 361.
612 3424 649 3452 tn
669 3424 847 3453 mcoetatem
868 3426 981 3455 vocant
1003 3425 1216 3463 Athenienses,
1239 3427 1271 3456 et
1289 3428 1420 3455 Samum

2349 461 2420 492 66⁹

1521 528 1648 565 utrique
1672 526 1848 563 conjunctis
1872 526 1992 557 viribus
2016 528 2208 568 subjiciunt,
2240 533 2324 571 Vesp.
2353 537 2418 565 283.

1520 570 1628 600 Milesii
1651 569 1840 608 prodiderant
1866 570 2059 601 Athenienses
2082 573 2219 608 (auctore
2237 576 2419 615 Alcibiade),

1523 615 1591 652 Lys.
1610 616 1673 644 108.
1691 614 1959 651 Perstrinyuntur
1971 616 2010 644 ut
2020 614 2177 654 adulteri,
2199 621 2263 656 107,
2284 621 2316 650 et
2329 621 2420 651 luxu·

1519 658 1595 686 riosi
1604 677 1615 692 ‚
1630 658 1710 687 Ran.
1725 658 1781 687 54³
1791 679 1801 693 ‚
1817 657 1952 687 Milesia:
1962 659 2001 688 ut
2012 657 2209 691 vehementer
2222 661 2400 694 libidinosa*
2410 687 2419 701 ,

1518 701 1650 730 ueretris
1673 701 1824 730 coriaceis
1850 702 1993 737 utentes,
2017 703 2091 740 Lys.
2119 706 2183 734 109.
2210 706 2420 738 ostracismus

1519 743 1608 781 apud
1619 744 1768 781 Milesios,
1785 745 1844 782 Eq.
1860 747 1927 774 855.

1480 786 1623 823 Miletus,
1638 794 1697 817 cur
1707 786 1785 816 olim
1796 788 1932 825 Pityusa
1947 786 2046 825 dicta,
2060 788 2110 820 Pl.
2130 792 2195 821 588.
2215 792 2315 830 Lupis
2321 795 2418 831 pisci-

1489 842 1493 846 ·
1519 829 1576 859 bus
1587 829 1794 867 abundabat,
1815 837 1881 869 qua
1897 838 2011 867 causa,
2031 832 2091 870 Eq.
2104 833 2170 863 381.
2189 833 2240 864 Ibi
2254 843 2276 864 a
2286 837 2418 874 piscato-

1517 873 1607 904 ribus
1618 874 1766 904 inventus
1778 874 1882 912 tripus
1891 875 2004 912 postea
2024 875 2210 914 Delphicus,
2223 877 2273 908 Pl.
2288 881 2317 909 9.
2331 880 2418 910 Mile-

1518 918 1571 947 tus
1581 917 1752 955 Apollinis,
1767 915 1858 955 apud
1870 918 2048 954 Ananiam,
2061 920 2144 951 Itan.
2160 923 2226 950 881.
2242 922 2332 959 conf.
2348 924 2416 961 Lys.

1520 963 1602 991 1281.
1620 961 1724 991 Mileti
1736 962 1930 1000 expuynatio
1943 969 1965 992 a
1981 961 2163 1000 Phrynicho
2176 966 2294 1002 trayico
2310 974 2418 997 coram

1517 1002 1756 1034 Atheniensibus
1777 1005 1871 1041 acta,
1894 1005 1982 1041 γαρ.
2002 1007 2086 1035 11190.
2107 1007 2254 1037 Miletum
2267 1010 2416 1039 Prienen·

1515 1045 1604 1076 sibus
1614 1046 1758 1085 prodidit
1771 1046 1904 1077 Gillicon
1914 1046 2071 1084 Milesius,
2084 1049 2161 1079 Pac.
2179 1052 2245 1080 363.

1478 1089 1650 1120 Milichius.
1672 1089 1747 1120 Vide
1759 1089 1903 1128 luppiter.

1478 1133 1598 1163 Milites
1610 1132 1702 1163 trium
1724 1132 1841 1163 dierum
1860 1132 1970 1163 cibario
1989 1141 2093 1164 secum
2101 1133 2192 1173 serre
2207 1137 2416 1175 tenebantur,

1515 1175 1589 1206 Ach.
1609 1178 1679 1213 197,
1699 1176 1785 1214 Vesp.
1800 1177 1874 1209 243.
1890 1177 1948 1214 Eq.
1965 1179 2048 1207 1079.
2064 1177 2183 1208 Milites
2200 1180 2232 1209 in
2246 1180 2416 1218 expeditio·

1516 1227 1588 1249 nem
1605 1218 1801 1249 discedentes
1824 1219 1947 1249 farinam
1971 1221 2002 1249 et
2024 1227 2141 1250 caseum
2168 1222 2323 1261 emebant,
2338 1226 2414 1255 Pac.

1515 1264 1571 1293 388
1578 1273 1590 1299 ;
1601 1262 1727 1293 cibaria
1740 1264 1774 1292 in
1786 1270 1860 1293 vase
1873 1264 2018 1299 vimineo,
2030 1263 2132 1301 γυλίῳ,
2144 1265 2328 1302 portabant,
2340 1267 2415 1297 Ach.

1519 1308 1601 1336 1097.
1619 1307 1740 1335 Eorum
1754 1307 1855 1336 victus
1870 1305 1953 1342 vilis,
1968 1307 2026 1343 Eq.
2041 1309 2107 1336 000.
2124 1306 2210 1337 Adde
2226 1309 2395 1347 catalogus.

1478 1349 1556 1378 Milo
1569 1350 1765 1379 Crotoniates
1776 1358 1786 1378 :
1802 1348 1841 1379 de
1851 1356 1887 1379 eo
1899 1350 1964 1378 not.
1978 1351 2059 1379 Ran.
2074 1353 2121 1380 55.

1478 1390 1639 1428 Miltiades,
1654 1393 1712 1430 Eq.
1735 1394 1818 1422 1325.
1840 1394 1918 1422 Dux
1935 1391 2173 1423 Atheniensium
2190 1395 2306 1424 Persas
2321 1397 2418 1426 vincit

1515 1434 1716 1473 Marathone,
1728 1437 1786 1473 Eq.
1800 1437 1865 1465 781.

1476 1483 1602 1520 Milvus,
1618 1484 1721 1518 ἰκτῖνος
1737 1492 1745 1514 :
1767 1484 1860 1514 Gueci
1879 1486 2045 1523 conspectis
2065 1484 2164 1515 milvis
2184 1486 2213 1515 in
2235 1494 2332 1524 genua
2350 1495 2417 1526 pro-

1515 1526 1670 1563 cumbunt,
1687 1529 1741 1557 Av.
1759 1530 1920 1558 499-502,
1937 1528 2096 1557 Nimirum
2111 1536 2164 1558 ver
2180 1528 2340 1566 siqnificat
2357 1529 2415 1559 ad-

1515 1571 1628 1600 ventus
1650 1570 1740 1600 milvi
1759 1571 1792 1600 in
1812 1571 1989 1607 Groeciam;
2004 1578 2104 1609 quare
2113 1579 2273 1609 pauperes
2280 1580 2417 1610 proeser-

1516 1614 1582 1648 nm,
1597 1612 1708 1643 hiemis
1719 1613 1817 1643 malis
1828 1612 1969 1649 liberati,
1982 1613 2210 1644 adventantem
2222 1614 2416 1654 adorabant,

1516 1659 1583 1686 501.
1598 1656 1702 1686 sulvus
1721 1664 1818 1686 verno
1835 1658 1973 1694 tempore
1994 1664 2138 1694 apparens
2159 1656 2189 1686 in
2211 1658 2324 1687 Graecia
2342 1659 2416 1697 quid

1512 1697 1574 1728 fleri
1592 1697 1710 1736 jubeat,
1732 1701 1787 1730 Av.
1805 1700 1860 1728 713
1874 1707 1920 1736 sq.
1936 1698 2042 1728 Milvus
2057 1698 2137 1729 totus
2156 1700 2282 1730 oculeus
2304 1708 2415 1739 rapax,

1474 1786 1591 1824 Mimas,
1611 1787 1756 1818 Thraciae
1767 1794 1868 1821 mons,
1884 1785 2018 1821 nivosus,
2031 1784 2114 1815 Nub.
2129 1788 2193 1816 273.

1474 1830 1640 1864 Minerva,
1660 1830 1776 1865 Ἀθηνᾶ,
1792 1828 1849 1857 iiiia
1873 1828 1972 1864 iovis,
1996 1835 2036 1857 ex
2057 1828 2232 1862 Simonide,
2257 1831 2332 1859 Pac.
2346 1833 2412 1860 736.

1512 1872 1644 1902 Minerva
1657 1872 1807 1911 ἐπίκληρος
1821 1871 1906 1908 iovi,
1922 1873 1977 1901 Av.
2005 1873 2076 1900 1653
2091 1872 2123 1900 et
2143 1871 2242 1901 schot.
2264 1874 2353 1903 Nata
2371 1872 2415 1902 ad

1516 1917 1685 1949 Tritonem,
1693 1914 1834 1952 fluvium
1851 1913 1976 1950 Libyae,
1992 1915 2051 1951 Eq.
2075 1916 2154 1944 1189.
2176 1914 2296 1945 Occidit
2320 1918 2413 1946 Ence-

1512 1958 1625 1988 ladum
1639 1960 1814 1997 (mantem,
1837 1959 1896 1995 Eq.
1917 1960 1983 1986 560.
2006 1958 2152 1986 Minerva
2170 1965 2242 1986 cum
2265 1959 2414 1996 Neptuno

1511 2003 1614 2032 certat
1640 2001 1679 2031 de
1710 1998 1949 2031 Atheniensibus
1960 2020 1969 2035 ,
2002 2000 2061 2037 Eq.
2089 2003 2155 2029 562.
2198 2001 2319 2030 Victrix
2351 2001 2413 2031 illa

1512 2045 1547 2074 in
1561 2044 1617 2075 hoc
1635 2045 1811 2074 certamine
1827 2042 1867 2072 de
1883 2044 2074 2080 possessione
2094 2044 2227 2080 Atticoe,
2248 2042 2305 2073 hoc
2327 2043 2413 2074 dedit

1512 2086 1764 2122 Atheniensibus,
1780 2088 1817 2116 ut
1836 2086 1924 2116 mala
1938 2085 2067 2115 consilia
2078 2107 2087 2121 ,
2106 2093 2180 2124 quce
2194 2086 2361 2123 Neptunus
2376 2088 2413 2116 iis

1510 2132 1580 2160 erat
1598 2131 1808 2168 imprecatus,
1815 2128 1906 2166 sorte
1912 2127 2055 2166 fortuna
2072 2129 2131 2158 aut
2146 2135 2208 2166 per
2220 2127 2292 2158 deos
2309 2130 2343 2159 in
2365 2129 2413 2160 bo-

1510 2181 1588 2204 num
1602 2175 1749 2204 eventum
1771 2173 2018 2209 convertantur,
2039 2171 2125 2201 Eccl.
2142 2173 2215 2208 473,
2239 2172 2321 2202 Nub.
2344 2175 2409 2203 587.

1514 2215 1607 2246 Oliva
1624 2215 1743 2246 donum
1762 2216 1936 2252 Minervae,
1960 2216 2036 2244 Pac.
2062 2214 2128 2244 578.
2151 2214 2298 2244 Minerva
2320 2215 2412 2245 Ther-

1509 2259 1646 2297 mopylis
1668 2257 1793 2289 calidas
1815 2266 1919 2297 aquas
1940 2257 2071 2288 Herculi
2083 2256 2228 2294 satiqato
2254 2259 2412 2289 scaturire

1502 2303 1613 2341 jussit,
1628 2304 1760 2333 auctore
1772 2301 1940 2338 Pisandro,
1957 2300 2037 2332 Nub.
2056 2302 2137 2330 1051.
2157 2302 2303 2331 Minerva
2318 2301 2414 2332 habet

1508 2345 1694 2383 Ἀθανασίαν,
1718 2353 1817 2385 quam
1837 2344 1915 2375 dare
1941 2344 2098 2382 (uxorem)
2116 2343 2186 2373 vult
2202 2343 2304 2381 Tydeo
2323 2345 2412 2382 apud

1508 2389 1741 2427 Bacchylidem,
1758 2391 1812 2419 Av.
1831 2391 1915 2418 1538.
1932 2389 2032 2418 Favet
2053 2386 2156 2424 Ulyssi
2171 2388 2201 2416 in
2214 2387 2338 2424 ¹iudicio
2358 2397 2408 2418 ar·

1508 2441 1646 2469 morum,
1661 2434 1720 2471 By.
1748 2435 1829 2462 1056.
1845 2433 1935 2461 Loesa
1946 2429 2078 2468 piaculo
2097 2430 2248 2466 Cyloneo,
2264 2432 2321 2468 Eq.
2343 2433 2408 2461 445.

1509 2477 1664 2507 Minervoe
1677 2475 1803 2513 ἀγελείης
1817 2474 1893 2504 urbs
1908 2473 2048 2509 Athenae‚
2061 2474 2094 2501 in
2105 2472 2238 2502 oraculo
2252 2474 2310 2511 Eq.
2327 2477 2407 2504 1013.

1508 2518 1641 2548 Minerva
1665 2518 1776 2555 Polias,
1797 2519 1852 2548 Ais.
1881 2519 1947 2547 828.
1973 2517 2012 2546 Ei
2038 2514 2261 2545 Panathenaeis
2274 2517 2409 2554 -peptum

1508 2569 1569 2592 acu
1582 2563 1671 2592 varie
1682 2562 1807 2600 pictum
1818 2562 1850 2590 in
1860 2566 1978 2598 pompa
1990 2558 2169 2595 offerebant
2178 2580 2188 2595 ‚
2206 2561 2270 2588 827.
2289 2561 2335 2589 De
2349 2568 2410 2598 quo

1506 2605 1618 2642 peplo,
1631 2611 1749 2642 pompa
1767 2604 1798 2633 et
1818 2610 1898 2632 nave
1917 2600 2162 2631 Panathenaico
2177 2600 2325 2638 pluribus
2340 2610 2410 2631 nar·

1508 2649 1607 2677 ratur
1627 2649 1686 2686 Eq.
1710 2650 1775 2676 500.
1799 2645 1952 2682 (Minci-vn)
1972 2643 2101 2673 Athenas
2122 2646 2226 2673 tenens
2244 2643 2408 2674 celebratur

1514 2689 1634 2721 Thesm.
1650 2692 1817 2726 317-319;
1836 2687 2008 2724 invocatur,
2020 2685 2103 2724 virgo
2115 2708 2124 2724 ‚
2140 2685 2320 2716 Athenarum
2335 2695 2409 2725 prin-

1507 2741 1571 2770 sen,
1594 2733 1770 2772 κλῃδοῦχος,
1793 2730 1871 2762 ibid.
1897 2731 2093 2761 liae-¹14⁷.
2114 2728 2245 2759 Minerva
2258 2730 2410 2769 πολιοῦχος

1508 2784 1577 2806 cum
1590 2775 1700 2814 aegide,
1717 2774 1895 2804 Athenarum
1907 2772 1963 2803 des
1972 2794 1983 2809 ,
1998 2772 2082 2802 Nub.
2095 2775 2146 2802 001
2165 2780 2234 2811 εᾳ.;
2253 2772 2387 2811 πολίοχος
2400 2796 2409 2809 ,

1508 2827 1610 2858 preces
1623 2818 1659 2848 ad
1674 2826 1751 2855 eam,
1767 2818 1840 2855 Lys.
1854 2817 2025 2852 sii—3495
2042 2823 2149 2854 praeses
2160 2815 2407 2852 1111115,δέσποινα,

1508 2864 1567 2901 Bq.
1581 2864 1647 2892 7113.
1661 2860 1740 2898 Ejus
1751 2859 1814 2890 duo
1826 2859 1945 2898 templa
1958 2859 2052 2889 erant
2062 2859 2097 2888 in
2107 2860 2185 2888 Arce
2198 2857 2407 2895 Athenarum,

1506 2905 1667 2939 πολιάτιδος
1681 2905 1712 2933 et
1726 2902 1991 2942 χρυσελεφαντίνηςς
2015 2900 2072 2932 hoc
2091 2909 2132 2931 ex
2149 2900 2283 2931 Medicis
2301 2901 2409 2939 spoliis

1507 2948 1725 2978 constructum
1741 2947 1773 2976 et
1783 2947 1910 2984 siynum
1931 2947 1965 2975 in
1979 2952 2014 2975 eo
2035 2952 2057 2975 a
2068 2943 2186 2975 Phidia
2196 2942 2315 2981 fictum
2325 2965 2334 2980 ‚
2348 2946 2405 2982 Eq.

1511 2994 1592 3022 11⁶9.
1620 2992 1671 3021 Ba
1693 2991 1804 3020 statua
1827 2997 1926 3028 quum
1955 2990 2023 3019 tota
2048 2995 2150 3017 aurea
2172 2994 2237 3016 esse
2261 2985 2407 3023 deberet,

1508 3032 1833 3073 (chrys)elephantina
1850 3033 2004 3068 struitur,
2026 3030 2150 3060 Pericle
2171 3031 2202 3058 et
2225 3027 2344 3058 Phidia
2364 3028 2409 3058 lu-

1507 3084 1598 3107 crum
1606 3074 1798 3113 facientibus
1807 3081 1848 3104 ex
1858 3074 1989 3111 sumptu
2000 3072 2137 3110 publico,
2151 3070 2235 3101 Nub.
2246 3073 2313 3101 859.
2325 3072 2409 3100 Erat

1507 3122 1616 3150 autem
1630 3119 1772 3149 Minerva
1789 3115 2092 3155 chryselephantina
2115 3113 2238 3144 Phidice
2256 3115 2293 3142 44
2310 3113 2409 3143 talen-

1508 3165 1614 3194 torum
1627 3163 1702 3192 auri
1708 3160 1867 3199 pondere,
1882 3161 1916 3189 in
1927 3165 2043 3195 maeno
2060 3157 2176 3195 templo
2195 3157 2316 3193 posita,
2330 3158 2405 3186 Pac.

1506 3207 1573 3237 805.
1590 3204 1722 3243 virgines
1737 3203 1806 3234 duae
1820 3204 1928 3233 statua·
1942 3201 2083 3231 uinervoe
2097 3198 2236 3238 λουτρίδες
2257 3198 2303 3229 voi
2322 3199 2406 3229 πλυν-

1505 3249 1671 3290 τρίδες,,[1·.
1701 3251 1767 3279 642.
1792 3250 1876 3278 Pone
1898 3253 1970 3276 eam
1995 3247 2060 3274 tres
2088 3244 2210 3274 Gratioe
2236 3251 2257 3272 a
2280 3244 2406 3273 socrate

1506 3293 1658 3331 sculptae,
1669 3291 1752 3322 Nub.
1767 3292 1834 3320 773.
1848 3290 2003 3319 Minervoe
2020 3287 2119 3317 draco
2130 3293 2238 3323 sacer,
2253 3286 2404 3323 tempta-m

1506 3336 1574 3374 eJ'us
1587 3336 1621 3365 in
1635 3341 1709 3364 arce
1722 3332 1921 3368 custodiens,
1937 3332 2010 3369 Lys.
2026 3332 2093 3361 759.
2105 3329 2272 3359 Thesaurus
2291 3327 2321 3358 111
2341 3327 2406 3359 oede

1506 3379 1665 3415 minervia,
1687 3377 1763 3415 Lys.
1786 3377 1839 3406 174
1851 3377 1884 3406 et
1896 3374 1962 3405 seh.
1985 3375 2071 3404 Pone
2091 3373 2246 3412 templum
2264 3371 2405 3402 Palladis

1509 3419 1843 3459 thesmirophylacium
1854 3437 1868 3457 ,
1882 3418 1935 3449 Pl.
1958 3418 2050 3454 1191,
2065 3418 2158 3453 1193,
2181 3414 2406 3454 opisthodomus
