2931 4012
540 396 610 428 28⁴

581 483 641 507 2⁹9.
669 470 703 518 μ’
717 463 869 520 ὦνθρωπε
888 483 897 510 :
920 470 1023 522 (Πρὸς
1040 471 1077 508 τὸ
1095 472 1223 523 συνεχὲς
1239 478 1296 522 τῆς
1317 479 1420 525 ἀρχῆς
1436 480 1491 513 τοῦ

533 523 679 574 δευτέρου
696 524 824 574 στίχου·
843 525 921 562 διότι
945 526 1009 562 ἀπὸ
1037 528 1229 578 συναλοιφῆς
1256 528 1419 579 ἄρχεται.)
1437 532 1492 567 εὐ-

535 577 684 614 λαὸεῖται
697 578 731 614 δὲ
745 578 931 630 καταφανὴς
944 579 1089 627 γενέσθαι
1103 583 1120 617 6
1134 582 1295 624 Διόνυσος.

584 644 645 669 ³00,
671 632 763 668 τοῦτο’
786 633 817 680 γ’
840 632 884 669 ἔθ’
908 629 1003 677 ἧττον
1027 633 1159 685 θατέρου
1184 648 1192 672 :
1213 638 1359 679 Πιθανῶς
1383 637 1421 674 τὸ
1437 641 1492 674 τοῦ

504 700 522 725 s
536 687 640 723 δειλοῦ
655 681 744 731 ἦθος,
756 686 792 723 τὸ
802 688 959 735 μηδαμῶς
972 687 1072 723 θέλειν
1086 689 1221 738 φανερὸν
1235 690 1391 737 γενέσθαι.
1409 691 1492 727 θέλει

536 739 571 777 δὲ
585 741 684 776 εἰπεῖν
699 739 749 776 ὅτι
763 744 857 778 τοῦτο
870 740 978 791 χεῖρόν
993 743 1061 778 ἐστι
1072 747 1127 779 τοῦ
1139 742 1260 793 ἑτέρου.

583 806 642 831 θοι.
668 794 708 830 ἴθ’
728 789 811 844 ᾗπερ
837 794 925 845 ἔρχει
948 807 957 832 :
981 797 1087 833 Τοῦτο
1112 796 1250 847 ἔμφασιν
1274 797 1427 848 παρέχει,
1450 801 1492 841 ὡς

533 848 772 899 προερχομένου
785 850 881 885 αὐτοῦ
893 849 1045 899 πρότερον
1059 849 1187 887 ὄπισθεν
1202 855 1257 888 τοῦ
1272 853 1380 901 ἱερέως
1390 852 1489 894 ὄντος.

582 916 642 940 ³02.
669 903 880 953 πεπράγαμεν
895 915 904 940 :
920 903 1118 951 Ἐπάθομεν.
1134 912 1190 940 Br.

487 972 517 997 ιο
582 970 642 995 803.
669 957 843 1006 Ἡγέλοχος
856 970 866 995 z
879 960 910 995 Τ
912 958 1070 1008 ραγῳδίας
1083 959 1254 1009 ὑποκριτὴς
1262 988 1273 1007 ,
1286 959 1320 996 ὃν
1332 960 1388 996 καὶ
1400 962 1432 997 ἐν
1444 963 1491 1011 τῷ

532 1011 670 1062 Ὀρέστῃ
696 1011 887 1061 Εὐριπίδου,
910 1011 1106 1062 προστάντος
1122 1015 1210 1062 αὐτῷ
1231 1017 1286 1050 τοῦ
1310 1013 1491 1063 πνεύματος

533 1068 566 1103 ἐν
581 1067 662 1117 τῷδε
679 1069 726 1116 τῷ
741 1066 843 1115 στίχῳ
855 1066 932 1115 [που]

644 1154 678 1184 ἐκ
691 1152 826 1191 κυμάτων
836 1152 891 1192 γὰρ
901 1152 980 1188 αὖθις
994 1152 1030 1183 αὖ
1042 1153 1140 1192 γαλήν’
1157 1155 1214 1194 ὁρῶ
1223 1165 1231 1172 ·

532 1223 706 1274 (αἰφνιδίως
723 1224 858 1272 ὀφθῆναι
876 1221 1046 1259 συνελόντα
1063 1222 1122 1268 τὴν
1141 1223 1359 1274 συναλοιφήν.)
1378 1228 1488 1261 τοῦτον

483 1288 513 1312 1⁵
529 1276 562 1314 δὲ
579 1277 634 1314 καὶ
648 1280 691 1318 ὡς
709 1279 833 1326 ἀτερπῆ
850 1276 908 1321 τὴν
924 1276 1031 1327 φωνὴν
1047 1277 1189 1315 Πλάτων
1208 1277 1359 1315 σκώπτει.
1376 1300 1424 1306 --
1440 1278 1488 1315 ὅτι

527 1332 704 1380 Ἡγέλοχος
713 1335 730 1368 6
738 1332 887 1380 τραγικὸς
901 1330 1073 1382 ὑποκριτὴς
1083 1330 1127 1367 ὢν
1139 1335 1194 1368 τοῦ
1208 1332 1384 1383 Εὐριπίδου
1399 1332 1490 1382 Ὀρέ-

528 1401 606 1430 στην
625 1385 869 1434 ὑποκρινόμενος
891 1384 973 1421 οὕτω
989 1385 1210 1435 προηνέγκατο
1226 1384 1308 1422 ὥστε
1333 1385 1379 1434 μὴ
1404 1389 1486 1423 ὑπο-

527 1443 676 1490 χιιιρῆσαι
698 1440 735 1475 ἐκ
757 1441 815 1482 τῆς
835 1441 1027 1489 συναλοιφῆς
1043 1439 1080 1475 τὸ
1101 1439 1244 1487 γαληνά,
1263 1440 1347 1476 ἀλλὰ
1362 1441 1486 1490 διαχω-

529 1497 625 1544 ρῆσαι
642 1494 777 1541 μᾶλλον,
792 1492 875 1528 ὥστε
891 1492 979 1534 δόξαι
994 1492 1053 1536 τὴν
1070 1495 1173 1541 γαλῆν
1194 1493 1291 1530 αὐτὸν
1311 1494 1430 1531 εἰπεῖν.Δ
1440 1495 1486 1531 διὸ

476 1563 511 1587 20
527 1548 582 1584 καὶ
597 1547 706 1583 ἐνθάδε
719 1546 885 1596 πειρατέον
899 1545 983 1583 οὕτω
993 1546 1218 1597 προφέρεσθαι.
1231 1549 1264 1583 ἐν
1276 1547 1367 1589 ἐνίοις
1378 1549 1487 1595 μέντοι

524 1605 586 1638 τῶν
601 1600 777 1651 Εὐριπίδου
790 1601 938 1649 εὖκρινῶς
949 1601 1107 1650 γράφεται
1118 1601 1256 1650 γαληνά.
1267 1605 1311 1642 ὡς
1322 1601 1350 1638 δ’
1363 1601 1486 1644 ἀξιοῦσί

522 1671 604 1697 τινες
626 1654 763 1692 Ἀττικοὶ
789 1655 894 1702 γαλῆν
911 1656 1094 1704 περισπῶσι
1116 1654 1260 1703 λέγοντες
1282 1658 1325 1697 ὥς
1349 1660 1483 1705 χρυσῆν.

523 1712 590 1751 πῶς
605 1707 708 1751 ἔδοξεν
720 1710 738 1744 6
751 1707 927 1757 Ἡγέλοχος
942 1710 978 1744 ἐκ
991 1711 1049 1751 τῆς
1060 1710 1250 1758 συναλοιφῆς
1257 1710 1360 1757 γαλῆν
1373 1711 1483 1755 εἷπεῖν;

523 1763 559 1799 τὸ
578 1762 635 1811 μὲν
651 1761 694 1810 γὰ
732 1760 985 1812 περισπωμένως
1006 1762 1260 1812 προενέγκασθαι
1284 1765 1319 1799 οὐ
1338 1763 1481 1800 πιθανόν.

478 1842 506 1866 tf»
523 1817 648 1864 μήποτε
663 1830 716 1852 ουν
737 1817 795 1852 οὖκ
813 1815 922 1864 ἔλεγον
939 1815 1057 1862 οὕτως,
1075 1816 1161 1853 ἀλλὰ
1183 1818 1298 1865 γαλῆν.
1318 1819 1361 1859 ὡς
1381 1818 1482 1862 ἀηδὴς

522 1872 554 1907 δὲ
571 1871 631 1916 τὴν
646 1869 752 1921 φωνὴν
769 1871 973 1920 κωμῳδεῖται
989 1874 1006 1907 6
1023 1870 1207 1920 Ἡγέλοχος.
1224 1879 1263 1907 V.
1283 1871 1351 1908 ἔστι
1369 1871 1402 1908 δὲ
1420 1887 1482 1908 πα-

523 1925 631 1974 ροιμία
649 1924 703 1961 ἐπὶ
716 1927 780 1961 τῶν
797 1923 1014 1974 διαφυγόντων
1030 1923 1072 1960 τὰ
1088 1925 1230 1974 λυπηρά.
1246 1927 1275 1962 οἱ
1289 1925 1324 1962 δὲ
1337 1927 1482 1973 λέγοντες

521 1979 689 2029 ποιήτριαν
704 1973 784 2015 εἶναι
798 1978 853 2015 τὸν
865 1978 1042 2028 Ἥγέλοχον
1058 1978 1207 2024 Ἀθήνησι
1222 1980 1325 2030 τούτῳ
1341 1983 1482 2029 συνεχῶς

519 2033 689 2082 χρωμένην
700 2035 746 2083 τῷ
761 2032 831 2068 ἔπει
847 2033 903 2069 καὶ
918 2033 989 2069 ἄλλ’
1005 2032 1086 2069 ἄττα
1100 2035 1164 2070 τῶν
1179 2033 1392 2083 αὐτοσχεδίως
1406 2049 1481 2070 συν-

470 2112 503 2134 a«)
521 2086 668 2123 τιθέντων
686 2088 744 2124 οὐκ
766 2085 882 2123 ἀνεκτὰ
907 2086 1140 2136 τερατεύονται.
1160 2109 1210 2115 —
1233 2089 1405 2137 ἀποροῦσιν
1430 2090 1479 2125 ἐν·

519 2144 620 2176 ταῧθα
638 2142 706 2182 πῶς
723 2142 755 2176 ἐν
773 2139 949 2190 Εὐριπίδου
966 2139 1025 2187 μὲν
1042 2139 1204 2190 Ἠλέκτρα
1222 2141 1306 2178 τοῦθ’
1324 2141 1477 2192 εὕρηται,

518 2198 536 2231 6
553 2195 586 2231 δὲ
603 2194 709 2242 λέγει,
723 2194 832 2243 ὥσπερ
848 2194 1032 2243 Ἡγέλοχος.
1051 2202 1137 2230 cant.
1153 2208 1179 2231 2.

567 2261 625 2285 aus.
654 2248 714 2296 (ὁδὶ
729 2248 762 2283 δὲ
779 2247 885 2289 δείσας
900 2260 909 2284 :
929 2248 971 2285 ‘O
986 2251 1043 2283 τοῦ
1060 2248 1214 2285 Διονύσου
1231 2249 1342 2299 ἱερεύς.
1360 2251 1478 2301 πυρρὸς

517 2304 579 2353 γὰρ
603 2298 643 2348 ἧν
663 2304 748 2340 κατὰ
773 2298 880 2351 φύσιν.
898 2303 976 2352 παρ’
994 2301 1145 2338 ὑπόνοιαν
1166 2304 1200 2339 δὲ
1223 2303 1260 2339 τὸ
1282 2306 1476 2354 ἓπυρραίασε

467 2387 496 2409 3.
518 2357 596 2406 πρὸς
617 2356 654 2393 τὸ
680 2355 852 2405 ὧχρίασεν.
877 2354 1083 2405 Ἀρίσταρχος
1108 2355 1143 2392 δέ
1168 2371 1263 2406 φησιν
1290 2358 1339 2407 ἐφ’
1362 2360 1475 2396 ἑαυτοῦ

467 2396 500 2410 '⁴
516 2411 620 2458 λέγειν
638 2410 692 2446 τὸν
710 2409 871 2446 Ξανθίαν·
889 2409 944 2445 καὶ
963 2409 1025 2459 γὰρ
1044 2408 1123 2446 διότι
1139 2410 1273 2459 πυρρὸς,
1291 2411 1391 2454 οὕτως
1405 2415 1476 2450 ἐπι-

514 2466 691 2509 κεκλῆσθαι
701 2492 711 2510 ,
740 2463 888 2513 καθάπερ
916 2462 1061 2513 Πυρρίας
1087 2464 1143 2500 καὶ
1173 2465 1365 2515 Σμικρίνης·
1395 2470 1412 2503 6
1441 2468 1474 2504 δὲ

515 2518 629 2563 Ἰξίων,
656 2517 710 2554 ἐπί
732 2531 815 2559 τινος
841 2519 905 2553 τῶν
930 2517 1131 2566 καθημένων,
1158 2517 1268 2561 ξανθὸν
1292 2519 1330 2556 τὸ
1354 2523 1473 2570 χρῶμα

514 2572 613 2613 ὄντος.
627 2573 660 2607 ἕν
671 2571 734 2608 ἔθει
748 2571 811 2621 γὰρ
826 2565 907 2607 εἶναι
921 2571 1136 2608 διασκώπτειν
1149 2571 1221 2614 τοὺς
1235 2575 1472 2624 ἀκροωμένους,

465 2653 500 2678 ⁴0
513 2628 556 2668 ὡς
573 2626 629 2662 καὶ
644 2625 784 2663 Πλάτων
799 2626 832 2662 ἐν
849 2626 1017 2677 Παιδαρίῳ
1030 2627 1127 2664 ποιεῖ.
1144 2626 1284 2669 Εὔπολις
1298 2627 1331 2664 δὲ
1348 2629 1402 2665 τὸν
1417 2635 1472 2666 τοῦ

514 2679 670 2718 Διονύσου
689 2678 776 2729 ἱερέα
798 2679 947 2726 ὀνομάζει
966 2679 1152 2730 αἱγίπυρρον
1174 2681 1245 2716 ἀντὶ
1262 2685 1319 2718 τοῦ
1341 2684 1471 2733 πυρρόν.

513 2734 550 2771 τὸ
571 2732 634 2783 γὰρ
651 2732 742 2774 ἄνθος
761 2732 847 2782 ἔχειν
869 2731 949 2782 φησὶ
971 2733 1155 2783 Δημήτριος
1177 2736 1294 2776 ἱκανῶς
1314 2736 1468 2786 ἐρυθρόν.)

511 2809 555 2816 -
571 2786 756 2837 ἐκκαλύψας
776 2786 813 2822 τὸ
830 2787 948 2823 αἰδοῖον
963 2780 1033 2822 εἶπε
1047 2791 1140 2824 τοῦτο
1154 2787 1231 2838 πρὸς
1244 2788 1281 2824 τὸ
1298 2791 1470 2840 ἐπυρρίασε

510 2840 645 2884 παίζων.
661 2839 781 2889 πυρρὸν
804 2838 866 2889 γὰρ
887 2834 927 2883 ἧν
944 2839 1000 2876 καὶ
1016 2839 1053 2876 τὸ
1073 2842 1204 2878 αἰδοῖον.
1229 2849 1266 2878 V.
1291 2845 1470 2895 ὑπερεπυρ-

462 2921 495 2947 05
513 2894 602 2946 ρίασε
614 2906 624 2932 ε
637 2892 815 2937 Ἔξεκαύθη
832 2892 917 2929 κατὰ
934 2892 971 2928 τὸ
990 2892 1173 2942 πρόσωπον.
1190 2897 1233 2934 Θ.
1251 2903 1307 2933 Br.

559 2962 618 2986 ³11.
644 2947 754 2998 αἰθέρα
773 2947 846 2988 Διὸς
865 2959 874 2983 :
895 2946 978 2983 Ἀντὶ
997 2947 1131 2989 τοῦ,τὸν
1156 2950 1347 2998 Εὐριπίδην·
1371 2954 1467 2989 αὐτοῦ

509 3003 571 3054 γὰρ
592 3006 610 3040 ὁ
630 3002 760 3051 fay-Soc.
783 3000 804 3045 ἢ
825 3001 883 3046 τὴν
902 3001 1072 3049 ἐπιθυμίαν
1090 3004 1265 3052 Εὗριπίδου
1286 3009 1342 3041 τοῦ
1364 3011 1466 3045 ταῦτα

507 3058 664 3108 λέγοντος,
690 3061 776 3091 R-V.
792 3058 836 3093 Θ.
857 3058 904 3093 Μ.
925 3055 1004 3105 πρὸς
1024 3056 1061 3092 τὸ
1084 3056 1150 3093 ἄνω
1173 3058 1349 3108 εἰρημένον.
1373 3063 1467 3104 αὐτὸς

507 3112 569 3162 γὰρ
586 3111 686 3152 αἴτιος
704 3113 760 3146 τοῦ
776 3113 880 3146 ταῦτα
897 3113 1010 3146 παθεῖν
1027 3110 1080 3147 τὸν
1098 3110 1261 3151 Διόνυσον.
1283 3115 1378 3161 (VB.
1400 3118 1462 3164 Μ.)

458 3190 491 3214 ,υ
508 3166 562 3202 καὶ
577 3164 640 3215 γὰρ
654 3163 694 3201 δι’
713 3162 807 3199 αὐτὸν
824 3166 982 3207 κατῆλθεν
993 3165 1038 3205 εἰς
1050 3164 1156 3217 ᾍδου.
1171 3172 1208 3201 V.

554 3231 615 3256 ³12.
641 3217 865 3261 κατήκουσαςε
885 3216 1030 3267 Περισσὴ
1045 3220 1066 3262 ἡ
1081 3218 1175 3254 κατά.
1191 3226 1268 3256 R.V.

555 3272 646 3308 αὐλεῖ
663 3286 710 3313 τις
726 3271 849 3308 ἔνδοθεν
869 3284 878 3309 :
895 3272 1145 3323 Παρεπιγραφή.
1167 3274 1317 3322 σημαίνει
1335 3276 1397 3327 γὰρ
1415 3278 1462 3314 ὅτι

506 3323 623 3362 ἔσωθέν
637 3338 683 3366 τις
699 3324 820 3369 ηὔλησε
838 3325 884 3372 μὴ
902 3324 1058 3375 ὁρώμενος
1072 3331 1138 3368 τοῖς
1153 3330 1291 3370 θεαταῖς.

1242 396 1476 434 SCHOLIA
1507 398 1561 434 IN
1597 400 1787 438 RANAS.

1594 491 1654 517 ³1⁴.
1682 479 1782 529 [αὔρα
1798 496 1844 522 τις
1860 495 1868 518 t
1889 484 2213 531 Μακροκαταληκτεῖ.
2227 485 2268 522 τὰ
2282 485 2345 537 γὰρ
2360 488 2405 529 εἷς
2422 503 2463 537 ρα
2480 489 2508 524 εἰ

1545 532 1602 579 μὲν
1622 533 1830 585 μονοφθόγγῳ
1846 537 2044 585 παραλήγει,
2061 542 2385 588 μακροκκταληκτεῖ,
2402 543 2506 592 πήρα.

1543 589 1571 623 εἰ
1598 587 1631 623 δὲ
1658 588 1833 638 διφθόγγῳ,
1861 592 2178 639 βραχυκαταληκτεῖ·
2204 594 2289 638 πλὴν
2315 599 2372 631 τοῦ
2400 597 2483 646 αὔρα
2495 626 2505 642 ,

1543 641 1599 677 καὶ
1616 641 1748 690 Φαίδρα
1769 642 1846 691 παρ’
1863 644 2021 693 Εὐριπίδῃ
2042 650 2141 690 [nipp.
2156 648 2202 695 ⁴3]

1636 717 1749 757 Φαίδρα
1758 728 1764 735 ·
1778 719 1811 748 τὸ
1825 718 1879 757 γὰρ
1892 720 1972 755 τῆσδ’
1988 720 2021 749 οὐ
2032 722 2202 760 προτιμήσω
2214 721 2331 771 καλὸν]
2537 736 2554 759 ⁸

1592 783 1746 832 ἀποροῦσι
1758 782 1839 824 τινὲς
1854 785 2007 829 ἐνταῦθα,
2023 788 2091 827 πῶς
2104 787 2140 822 οὐ
2156 785 2257 836 θέρμη
2274 788 2379 838 δᾴδων
2397 783 2503 837 εἶπεν,

1542 835 1626 872 ἀλλὰ
1640 835 1734 887 αὔρα.
1753 837 1807 872 καὶ
1822 837 1939 888 φαμὲν,
1957 838 2005 874 ὅτι
2023 843 2117 876 τοῦτο
2133 839 2219 890 λέγει
2234 842 2370 886 δεικνὺς,
2386 842 2434 880 ὅτι
2446 844 2505 880 καὶ

1541 890 1639 939 δᾷδας
1656 892 1685 926 οἱ
1709 890 1828 939 μύσται
1855 891 1976 941 ἔφερον,
2000 893 2056 929 καὶ
2072 893 2140 931 θεία
2165 895 2247 940 πνοή
2270 911 2317 938 τις
2339 897 2371 939 ἐξ
2395 899 2503 935 αὐτῶν

1541 944 1681 994 ἐφέρετο.
1696 953 1780 981 sunt.

1591 998 1820 1046 μυστικωτάτη
1837 1013 1846 1037 :
1863 1002 1937 1038 Τῶν
1958 1004 1991 1038 ἐν
2014 1002 2175 1039 Ἐλευσῖνι
2199 1005 2396 1055 μυστηρίων.
2420 1007 2502 1049 τινὲς
2518 1020 2548 1044 ιο

1540 1052 1574 1088 δὲ
1597 1054 1640 1095 εἷς
1657 1053 1694 1090 τὸ
1711 1054 1940 1102 μυστικωτάτη
1960 1055 2016 1093 δύο
2032 1061 2188 1095 ποιοῦσιν.
2466 1057 2478 1068 '

1588 1119 1648 1145 3¹5.
1674 1107 1780 1157 ἠρέμα
1801 1122 1809 1146 :
1830 1108 1989 1159 Ἡσύχως.
2008 1119 2066 1150 Br.
2084 1111 2258 1156 πτήξαντες
2274 1125 2282 1150 :
2301 1114 2502 1151 Συστείλαν-

1539 1176 1591 1203 τες
1607 1162 1749 1204 ἑαυτούς.
1768 1170 1800 1200 G.

1588 1228 1647 1254 31⁶.
1675 1215 1796 1266 Ἴακχ’,
1815 1212 1842 1254 ῶ
1860 1217 1973 1267 Ἴακχε
1993 1232 2001 1256 :
2024 1219 2079 1267 (Ἥ
2096 1220 2233 1270 πάροδος
2249 1225 2306 1265 τῆς
2319 1223 2402 1273 ᾠδῆς
2420 1224 2500 1260 ταύ-

1537 1284 1595 1314 της
1605 1274 1661 1307 τοῧ
1672 1273 1736 1307 τῶν
1752 1275 1880 1320 μυστῶν
1895 1277 1994 1322 χοροῦ
2010 1273 2123 1310 κώλων
2139 1275 2225 1311 ἐστὶν
2240 1277 2500 1314 ἄντισπαστικῶν
2520 1295 2548 1318 1⁵

1538 1323 1595 1361 δύο
1617 1324 1774 1375 διμέτρων
1793 1327 2127 1376 βραχυκαταλήκτων.
2150 1329 2222 1373 ἑξῆς
2244 1329 2277 1366 δὲ
2297 1330 2420 1367 τούτων
2437 1331 2499 1369 σύ-

1540 1392 1648 1426 στημα
1666 1379 1838 1427 ἀμοιὸαἴον
1852 1382 1889 1416 ἐκ
1903 1380 2022 1430 στίχων
2042 1382 2167 1429 ἰάμὸων
2183 1383 2358 1434 τριμέτρων
2374 1387 2499 1423 ἀκατα-

1536 1431 1664 1476 λήκτων
1676 1433 1794 1482 πέντε.)
1809 1447 1856 1463 -·-
1868 1435 2049 1481 μετεὸλήθη
2064 1439 2080 1472 6
2094 1437 2188 1486 χορὸς
2205 1439 2249 1479 εἷς
2266 1437 2400 1487 μύστας.
2417 1447 2497 1476 ΚΝ.

1585 1499 1646 1525 319.
1675 1487 1789 1538 ἔφραζε
1808 1501 1817 1525 t
1838 1488 1882 1526 ‘O
1900 1488 2114 1539 ἩρακλῆςΝ-
2131 1495 2166 1524 R.

1592 1553 1653 1578 820.
1690 1541 1787 1592 ὅνπερ
1813 1543 1973 1592 Διαγόρας
2005 1557 2013 1581 :
2039 1543 2200 1594 Διαγόρας
2229 1548 2334 1593 μελῶν
2362 1549 2499 1594 ποιητὴς
2515 1573 2547 1596 20

1536 1594 1627 1637 ἄθεος
1638 1623 1648 1642 ,
1687 1595 1719 1638 ὃς
1757 1597 1813 1632 καὶ
1852 1596 1948 1633 καινὰ
1993 1598 2141 1645 δαιμόνια
2177 1601 2350 1647 εἰσηγεῖτο,
2386 1601 2498 1653 ὥσπερ

1536 1650 1724 1700 Σωκράτης.
1758 1652 1769 1698 (
1786 1651 1842 1687 καὶ
1870 1653 1886 1687 6
1914 1652 1971 1700 μὲν
2002 1652 2214 1703 Ἀρίσταρχος
2247 1656 2406 1705 Διαγόρου
2440 1662 2497 1693 νῦν

1535 1704 1743 1752 μνημονεύειν
1768 1705 1865 1755 φησὶν
1887 1707 1948 1754 οὐχ
1966 1709 2009 1747 ὡς
2034 1707 2162 1757 ᾅδοντος
2180 1710 2276 1744 αὐτοῦ
2294 1709 2366 1751 τοὺς
2391 1710 2496 1754 θεοὺς,

1534 1758 1606 1793 ἀλλ’
1630 1759 1663 1795 ἐν
1680 1759 1825 1809 εἰρωνείᾳ
1843 1760 1991 1807 κειμένου
2013 1765 2068 1797 τοῦ
2091 1761 2202 1809 λόγου,
2226 1762 2297 1799 ἀντὶ
2319 1767 2377 1799 τοῦ
2398 1766 2495 1813 χλευ-

1533 1810 1678 1857 άζοντος,
1705 1812 1948 1863 ἐξορχουμένου.
1975 1816 2118 1850 ἀνακινεῖ
2139 1810 2194 1851 οὗν
2218 1815 2292 1857 τοὺς
2313 1817 2497 1862 Ἀθηναίους
2512 1833 2544 1856 οε

1534 1868 1550 1902 6
1573 1865 1730 1914 κωμικός·
1754 1867 1823 1903 ὅθεν
1860 1868 1915 1904 καὶ
1945 1870 1974 1903 οἱ
2002 1869 2161 1913 Ἀθηναῖοι
2189 1871 2232 1910 ὡς
2260 1871 2494 1922 διαχλευάζον-

1531 1934 1584 1962 τος
1608 1920 1680 1963 τοὺς
1707 1921 1794 1962 θεοὺς
1819 1921 2121 1973 καταψηφισάμενοι
2147 1924 2344 1974 οἷνεκήρυξαν
2366 1928 2412 1976 τῷ
2436 1926 2495 1972 μὲν

1532 1975 1737 2025 άναιρήσοντι
1767 1976 1918 2026 ἀργυρίου
1944 1976 2111 2022 τάλαντον,
2137 1981 2183 2028 τῷ
2209 1978 2243 2014 δὲ
2269 1981 2372 2022 ζῶντα
2400 1981 2479 2029 κομί
2484 2003 2494 2011 -

1530 2044 1621 2066 σαντι
1637 2028 1705 2067 δύο.
1724 2028 1847 2066 ἔπειθον
1863 2030 1896 2067 δὲ
1912 2030 1968 2067 καὶ
1983 2030 2057 2074 τοὺς
2072 2032 2188 2074 ἄλλους
2204 2035 2494 2083 Πελοποννησίους,

1529 2084 1572 2125 ὡς
1586 2085 1657 2120 ἱστο
1678 2084 1708 2119 εἴ
1721 2084 1885 2132 Κρατερὸς
1898 2086 1932 2120 ἐν
1945 2087 1986 2133 τῇ
2001 2089 2172 2135 συναγωγῇ
2185 2089 2248 2122 τῶν
2261 2088 2491 2137 ψηφισμάτων.
2508 2102 2541 2126 ao

1527 2131 1568 2181 ἦν
1586 2138 1619 2174 δὲ
1643 2151 1661 2174 ο
1758 2136 1965 2181 Τηλεκλύτου
1990 2144 2084 2182 παῖς,
2103 2140 2229 2184 Μήλιος
2251 2151 2288 2176 το
2311 2140 2419 2189 γένος,
2437 2143 2492 2179 τὸν

1528 2191 1640 2241 χρόνον
1657 2191 1741 2228 κατὰ
1759 2191 1942 2239 Σιμωνίδην
1958 2192 2014 2228 καὶ
2032 2192 2204 2242 Πίνδαρον.
2219 2197 2248 2231 οἱ
2264 2194 2297 2230 δὲ
2311 2194 2349 2231 τὸ
2363 2196 2402 2231 δι’
2419 2197 2492 2244 ἆγο-

1529 2250 1584 2294 ρᾶς
1598 2247 1809 2294 περισπῶσιν,
1827 2247 1869 2286 ὥς
1886 2245 2121 2296 Ἀπολλόδωρος
2135 2249 2152 2283 6
2173 2248 2336 2297 Ταρσεὺς,
2352 2249 2409 2285 καί
2425 2264 2488 2299 φα-

1527 2312 1577 2334 σιν
1596 2318 1642 2324 --
1657 2296 1790 2348 Ἴακχον
1815 2298 1929 2347 λέγειν,
1954 2298 1989 2335 ὃν
2006 2298 2135 2349 ᾄδουσιν
2152 2300 2184 2343 ἐξ
2209 2301 2331 2343 ἄστεως
2354 2302 2405 2338 διὰ
2430 2307 2489 2349 τῆς

1527 2353 1644 2400 ἀγορᾶς
1671 2351 1804 2394 ἐξιόντες
1830 2354 1873 2393 εἷς
1900 2352 2082 2390 Ἐλευσῖνα.
2109 2353 2219 2403 γέγονε
2249 2354 2281 2391 δὲ
2309 2356 2364 2392 καὶ
2384 2356 2490 2408 ἕτερος
2507 2370 2540 2394 ³5

1524 2404 1778 2456 κωμῳδούμενος
1790 2407 1843 2442 ἐπὶ
1857 2405 1993 2455 μεγέθει.
2004 2405 2195 2457 Ἕρμιππος
2207 2410 2240 2445 ἐν
2254 2409 2392 2460 Μοίραις

1638 2482 1740 2520 μείζων
1753 2482 1809 2521 γὰρ
1822 2483 1841 2519 ἣ
1854 2486 1904 2512 νῦν
1917 2483 1953 2519 δὴ
1967 2482 2022 2513 ’στὶ
2032 2506 2041 2521 ,
2057 2484 2106 2514 καὶ
2121 2485 2201 2516 δοκεῖ
2207 2486 2240 2524 γέ
2253 2495 2318 2525 μοι,

1636 2524 1686 2554 ἐάν
1699 2536 1726 2555 τι
1737 2526 1847 2556 τούτων
1861 2526 2025 2556 ἐπιδίδωται
2040 2528 2146 2567 ἡμέρας

1638 2567 1740 2606 μείζων
1754 2568 1869 2598 ἔσεσθαι
1884 2569 2037 2608 Διαγόρου.

1522 2641 1558 2669 V.
1575 2634 1726 2684 [Ἄλλως.
1744 2636 2010 2686 διθυραμὸοποιὸς
2027 2640 2044 2674 6
2059 2638 2219 2688 Διαγόρας
2233 2639 2389 2685 ποιητὴς,
2408 2655 2483 2677 συν·
2501 2658 2535 2682 ‘o

1522 2691 1605 2737 εχῶς
1633 2687 1747 2739 Ἴακχε
1777 2687 1894 2739 Ἴακχε
1919 2691 2014 2742 ᾄδων.
2038 2691 2060 2736 ἢ
2085 2693 2227 2740 κωμικὸς
2251 2694 2484 2745 διθυραμβικὰ,

1520 2741 1664 2778 τουτέστι
1682 2744 1877 2781 Διονυσιακὰ
1896 2744 2047 2795 δράματα
2066 2747 2199 2797 ποιῶν]

1568 2808 1628 2834 324.
1661 2793 1786 2846 [Ἴακχ’
1813 2791 1841 2833 ῶ
1859 2799 2092 2846 ,πολυτιμήτοις
2131 2812 2140 2838 :
2171 2801 2253 2853 ᾨδὴ
2280 2802 2336 2838 καὶ
2362 2803 2483 2854 στροφὴ

1519 2850 1632 2886 κώλων
1652 2851 1702 2886 ιδ’·
1719 2846 1763 2887 ὧν
1778 2851 1814 2888 τὸ
1831 2855 1956 2902 πρῶτον
1974 2855 2221 2891 ἀντισπαστικὸν
2238 2855 2386 2906 δίμετρον
2402 2859 2484 2893 οἶκα-

1517 2903 1687 2948 τάληκτον·
1699 2905 1717 2942 δ
1730 2906 1876 2942 καλεῖται
1893 2906 2100 2944 Γλυκώνειον.
2119 2908 2155 2944 τὸ
2173 2908 2317 2959 δεύτερον
2333 2910 2482 2962 δίμετρον
2500 2929 2533 2953 ⁴3

1518 2958 1765 3003 καταληκτικὸν,
1798 2958 1819 3003 ἢ
1846 2960 1879 3002 ἐξ
1907 2961 2140 2999 ἀντισπάστου,
2159 2962 2215 2998 καὶ
2248 2963 2415 3012 βακχείου.
2446 2965 2483 3001 τὸ

1516 3010 1620 3059 τρίτον
1643 3011 1750 3059 ὅμοιον
1773 3015 1970 3064 ὁποτερῳοῦν
1996 3017 2058 3050 τῶν
2086 3017 2117 3051 ἐν
2140 3018 2180 3065 τῆ
2203 3017 2347 3067 παρόδῳ.
2371 3018 2408 3054 τὸ
2429 3019 2481 3055 τέ-

1515 3078 1631 3115 ταρτον
1661 3067 1699 3102 ἐκ
1726 3067 1908 3117 διτροχαίου
1942 3070 2193 3106 ἀντισπαστικοῦ
2225 3071 2281 3107 καὶ
2308 3074 2480 3121 βακχείου,

1516 3118 1694 3163 Ἀλκαῖκὸν,
1717 3121 1812 3171 φασὶ,
1827 3121 2033 3169 καλούμενον.
2051 3123 2087 3159 τὸ
2105 3123 2254 3172 πέμπτον
2272 3125 2412 3162 Ἰωνικὸν
2428 3127 2478 3163 δί-

1515 3185 1630 3221 μετρον
1656 3174 1881 3218 ἀκατάληκτον
1905 3175 2133 3224 ἀνακλώμενον
2158 3178 2230 3213 καθ’
2254 3178 2478 3228 Ἡφαιστίωνα
2492 3190 2526 3214 50

1513 3225 1721 3273 καλούμενον,
1747 3228 1815 3263 ἀντ’
1834 3228 1984 3264 Ἰωνικῶν
2002 3230 2128 3265 παίωνα
2155 3231 2260 3279 τρίτον
2279 3232 2335 3267 καὶ
2354 3233 2480 3284 ἐπίτρι-

1512 3292 1566 3314 τον
1592 3278 1737 3330 δεύτερον
1763 3280 1848 3329 ἔχον.
1872 3283 1914 3317 τὰ
1931 3281 2002 3326 ἑξῆς
2019 3283 2075 3319 δύο
2100 3283 2154 3319 τὸν
2173 3284 2268 3320 αὐτὸν
2295 3285 2428 3335 τρόπον.
2446 3288 2481 3323 τὸ

1514 3332 1623 3381 ὄγδοον
1640 3333 1781 3370 Ἰωνικὸν
1796 3335 1851 3370 ἀπ’
1870 3335 2036 3378 ἐλάττονος
2053 3338 2300 3387 πενθημιμερές.
2318 3338 2354 3374 τὸ
2368 3338 2480 3376 ἔνατον
