2931 4012
542 431 609 462 27⁴

541 504 564 543 ἃ
580 503 744 554 Ἡρακλῆς
761 503 850 552 αὗτῷ
869 498 1073 551 προειρήκει,
1091 499 1231 548 δυσχερῆ
1250 512 1323 534 τινα
1340 496 1497 546 θεάματα·

540 563 596 600 καὶ
613 562 686 604 τοὺς
702 561 826 611 μύστας
843 561 919 611 παρ’
938 554 1036 601 αὖτ’ὰς
1052 559 1110 600 τὰς
1125 557 1228 599 πύλας
1245 556 1420 611 τοῦ·”ᾼδου
1435 570 1496 605 χο-

541 621 700 672 ρεύοντας.
733 615 803 658 εἶτα
833 622 876 661 ὡς
905 619 1071 669 Ἡρακλῆς
1098 615 1259 661 εἰσελθὼν,
1291 616 1347 652 καὶ
1379 614 1498 664 μεταξὺ

539 682 668 718 πολλῶν
692 679 795 730 τούτῳ
821 677 1027 726 συμὸάντων,
1051 674 1263 725 παραγίνεται
1288 674 1366 724 πρὸς
1392 671 1500 710 Πλού·

507 757 525 782 5
540 753 647 783 τωνα,
664 737 720 775 καὶ
737 736 811 774 ὅτου
833 736 930 786 χάριν
950 730 1027 780 ἧκεν
1054 732 1163 778 εἰπὼν,
1181 732 1276 783 ἔσχεν
1297 730 1500 770 ὑπακούοντα

541 797 740 844 Πλούτωνα,
771 797 833 845 οὐχ
861 794 901 830 ἶν’
936 793 1114 842 Εὐριπίδην
1149 791 1317 841 ἀναγάγῃ,
1354 790 1424 826 ἀλλ’
1461 789 1501 824 ἵν’

542 854 791 905 ἀγωνισαμένων
808 852 975 902 Αἰσχύλου
985 851 1046 888 -καὶ
1067 850 1244 901 Εὖριπίδου
1254 878 1263 894 ,
1279 849 1364 890 ὅστις
1381 848 1501 885 τούτοιν

540 914 668 964 ἄριστος
691 912 733 950 τὰ
756 914 800 954 εἰς
824 911 941 961 τέχνην
964 909 1093 961 φανείη,
1117 913 1227 945 τοῦτον
1250 908 1344 949 αὐτὸς
1367 906 1504 955 εἰληφὼς

543 973 694 1022 ἄνενέγκῃ
717 971 796 1022 πρὸς
822 971 903 1020 βίον.
929 969 1042 1007 τούτου
1063 969 1096 1006 δὲ
1111 966 1301 1018 γενομένου,
1320 966 1376 1004 καὶ
1393 965 1503 1016 κρείτ-

496 1050 527 1074 ιο
543 1048 631 1075 τονος
652 1031 864 1082 ἀναφανέντος
884 1030 1067 1079 Αἰσχύλου,
1091 1027 1242 1069 Διόνυσος
1262 1030 1372 1063 τοῦτον
1394 1024 1503 1062 λαὸὼν

544 1093 672 1137 ἀνῆλθε.

592 1152 641 1190 Τὸ
658 1150 691 1188 δὲ
713 1152 822 1201 δρᾶμα
842 1152 905 1186 τῶν
930 1143 965 1185 εὗ
988 1147 1043 1185 καὶ
1066 1146 1244 1199 φιλοπόνως
1268 1144 1503 1194 πεποιημένων.

543 1210 719 1260 Ἐδιδάχθη
745 1209 780 1245 δὲ
802 1209 855 1245 ἐπὶ
879 1206 1023 1246 Καλλίου
1049 1206 1220 1257 ἄρχοντος,
1239 1209 1296 1242 τοῦ
1321 1203 1404 1252 μετὰ
1434 1204 1505 1240 Ἀν-

542 1269 661 1318 τιγένη.
683 1267 767 1305 οὕτω
790 1266 823 1303 δὲ
844 1265 1031 1313 ἐθαυμάσθη
1051 1264 1104 1301 διὰ
1134 1264 1192 1309 τὴν
1215 1266 1247 1300 ἐν
1279 1265 1366 1314 αὐτῷ
1394 1261 1505 1312 παρά-

497 1342 527 1366 15
545 1329 651 1373 ὅασιν,
667 1327 738 1365 καθ’
758 1327 799 1371 ἢν
820 1324 1004 1363 διαλλάττει
1027 1324 1100 1366 τοὺς
1121 1324 1266 1372 ἐντίμους
1289 1325 1355 1364 τοῖς
1380 1321 1506 1370 ἀτίμοις

544 1387 600 1425 καὶ
618 1386 691 1426 τοὺς
709 1385 842 1426 πολίτας
860 1389 926 1425 τοῖς
944 1383 1094 1434 φυγάσιν,
1114 1381 1198 1419 ὥστε
1216 1382 1271 1418 καὶ
1295 1381 1506 1429 ἅνεδιδάχθη,

544 1445 589 1487 ὥς
601 1459 680 1496 φησι
692 1441 920 1492 Δικαίαρχος]

997 1533 1057 1569 lv.

570 1622 782 1673 [ΣΚΟΠΟΣ
806 1621 898 1658 ἸῸΥ
922 1617 1177 1655 ΠΑΡΟΝΤΟΣ
1202 1615 1468 1653 ΔΡΑΜΑΤΟΣ.

596 1715 647 1753 ‘O
666 1712 784 1764 παρὼν
798 1710 951 1757 ποιητὴς,
969 1712 1012 1752 ὥς
1026 1712 1058 1746 ἐν
1073 1711 1119 1760 τῷ
1137 1707 1278 1759 δράματι
1290 1709 1345 1743 τοῦ
1361 1704 1509 1743 Πλούτου

546 1778 594 1827 τῷ
620 1774 693 1812 τότε
719 1776 783 1810 τῶν
813 1771 951 1817 Ἀθηνῶν
980 1770 1113 1820 ἄρχοντι
1139 1766 1353 1811 ὁπωσδήποτε
1378 1764 1511 1816 χαριζό-

498 1851 533 1878 20
549 1847 658 1884 μενος,
686 1831 760 1869 τότε
779 1830 834 1867 τὸν
860 1830 1006 1867 Πλοῦτον
1026 1826 1208 1876 ἀναὸλέψαι
1232 1824 1311 1876 φησὶ
1336 1824 1393 1861 καὶ
1409 1825 1508 1860 πλου·

547 1897 646 1939 τῖσαι
662 1891 737 1933 τοὺς
760 1889 907 1940 ἀγαθούς·
930 1891 995 1925 τῶν
1017 1888 1171 1938 Νεφελῶν
1193 1885 1277 1922 δὲτὸ
1295 1886 1404 1935 δρᾶμα
1425 1882 1511 1919 κατὰ

546 1953 585 1990 τὸ
601 1950 790 2003 φαινόμενον
807 1948 935 1999 γράψας
956 1945 1041 1983 κατὰ
1060 1944 1270 1996 Σωκράτους,
1289 1942 1375 1980 κατὰ
1392 1942 1511 1983 παντὸς

548 2010 741 2053 συνετάξατο
751 2006 926 2059 φιλοσόφου
940 2005 997 2042 καὶ
1014 2003 1276 2055 μετεωρολέσχου
1291 2000 1348 2039 καὶ
1363 2003 1509 2052 φυσικοῦ·

547 2068 747 2119 [Σωκράτης
760 2066 823 2116 γὰρ
838 2063 1072 2115 μετερχόμενος
1087 2062 1147 2107 τὴν
1164 2061 1280 2106 ἠθικὴν
1306 2058 1509 2110 φιλοσοφίαν,

500 2146 531 2168 25
549 2126 706 2175 κατεγέλα
745 2122 1011 2174 μεταρσιολογίας
1046 2120 1102 2158 καὶ
1133 2123 1289 2171 φυσικῆς,
1320 2121 1363 2160 ὣς
1395 2117 1512 2167 γράφει

551 2188 702 2236 Ξενοφῶν
718 2186 750 2220 ἐν
766 2185 832 2224 τοῖς
857 2179 1200 2229 Ἀπομνημονεύμασι,
1224 2177 1386 2226 θεολογίας
1409 2177 1442 2212 δὲ
1469 2178 1512 2218 ὥς

551 2244 782 2288 οἶκαταλήπτου
805 2241 912 2286 πάντη
936 2239 1099 2288 ἀπείχετο·
1125 2240 1167 2280 ὥς
1189 2232 1243 2274 οὖν
1264 2237 1301 2273 τὸ
1324 2237 1432 2286 δρᾶμα
1456 2239 1511 2272 τοῦ

551 2303 699 2342 Πλούτου
719 2300 799 2351 ὑπὲρ
813 2304 869 2337 τοῦ
892 2299 966 2335 τότε
983 2298 1135 2348 ἄρχοντος
1157 2296 1295 2339 Ἀθηνῶν
1316 2296 1512 2345 ἂσυμφανῶς

551 2363 758 2407 ξυνετάξατο,
767 2360 852 2398 κατὰ
865 2358 986 2400 παντὸς
1002 2356 1035 2393 δὲ
1051 2355 1224 2407 φιλοσόφου
1239 2353 1512 2404 μεταρσιολέσχου

503 2438 534 2460 :w
552 2423 607 2460 καὶ
631 2418 831 2472 ψευδοτύπου
852 2419 889 2455 τὸ
914 2419 1022 2468 δρᾶμα
1048 2418 1111 2452 τῶν
1141 2414 1320 2464 Νεφελῶν]
1345 2412 1428 2449 οὕτω
1456 2412 1513 2449 καὶ

552 2481 646 2525 τήνδε
673 2479 732 2524 τὴν
759 2476 932 2528 κωμῳδίαν
966 2477 1030 2511 τῶν
1065 2472 1245 2523 Βατράχων
1276 2471 1362 2509 κατὰ
1395 2471 1513 2512 παντὸς

552 2538 740 2589 ὓποψύχρου
765 2536 822 2573 καὶ
846 2534 1001 2577 ὖποξύλου
1025 2532 1081 2569 καὶ
1097 2533 1216 2582 ἀφυοῦς
1232 2531 1287 2567 καὶ
1311 2529 1513 2580 ἄτεχνότατα

552 2596 745 2646 γράφοντος,
765 2591 814 2644 τῷ
833 2591 1011 2642 μεμηνέναι
1025 2590 1059 2627 δὲ
1076 2591 1113 2627 οὖ
1128 2588 1284 2631 συνιέντος
1310 2588 1422 2624 ἑαυτὸν
1436 2588 1512 2624 ὄντα
1543 2636 1546 2638 ς

557 2653 731 2704 βάρὸαρον,
757 2651 902 2699 οἰομένου
925 2650 959 2687 δὲ
986 2648 1032 2698 μὴ
1054 2649 1150 2697 μόνον
1174 2650 1336 2692 ἰσοῦσθαι,
1360 2645 1444 2683 ἀλλὰ
1457 2646 1513 2684 καὶ

505 2730 538 2753 σε
554 2713 596 2749 τὰ
615 2711 779 2762 κρείττονα
799 2709 949 2761 φέρεσθαι
962 2711 1027 2745 τῶν
1047 2707 1121 2744 λίαν
1144 2706 1378 2755 ἐπιστημόνων.
1401 2709 1444 2748 ὡς
1467 2708 1514 2756 τῷ

555 2769 635 2821 ὑπὲρ
669 2769 762 2820 φύσιν
791 2768 931 2818 *Ομήρῳ
963 2782 1011 2809 τις
1039 2763 1203 2814 ἀνώνυμος
1236 2766 1325 2816 ἤριζε
1353 2764 1513 2815 Σάτυρος,

555 2828 697 2878 Ἡσιόδῳ
721 2827 755 2863 δὲ
783 2826 943 2876 Κέρκωψ,
971 2824 992 2869 ἢ
1021 2824 1119 2861 πλέον
1147 2824 1259 2868 εἰπεῖν,
1288 2822 1429 2873 Εὔρυτος
1456 2823 1514 2871 μὲν

554 2887 680 2937 τοξικῇ,
709 2885 867 2936 Μαρσύας
898 2884 932 2921 δὲ
948 2887 1086 2933 μουσικῇ
1103 2886 1150 2934 τῷ
1168 2883 1353 2920 Ἀπόλλωνι·
1379 2885 1514 2933 Σειρῆσι

557 2947 591 2985 δὲ
616 2947 672 2985 καὶ
697 2946 844 2986 Μούσαις
863 2945 1014 2994 Θάμυρις
1035 2946 1053 2980 ὁ
1080 2942 1278 2991 μαινόμενος·
1300 2942 1323 2987 ἢ
1346 2944 1389 2983 ὡς
1412 2945 1429 2979 ὃ
1451 2944 1514 2980 Αἰ-

508 3023 541 3045 to
556 3006 688 3057 γύπτιος
723 3006 832 3054 Σῶφις
867 3003 922 3039 καὶ
959 3004 977 3039 ὁ
1013 3001 1178 3043 Θετταλὸς
1215 2999 1412 3049 Σαλμωνεὺς
1446 3007 1516 3043 ταῖς

557 3064 719 3117 οὐρανίαις
733 3064 1022 3109 ἀντιπαταγοῦντες
1041 3061 1189 3110 βρονταῖς
1202 3059 1259 3096 καὶ
1273 3064 1338 3101 τοῖς
1352 3063 1516 3109 κεραυνοῖς

559 3126 652 3170 δ’ἥθεν
683 3120 990 3172 ἀνταστράπτοντες.
1023 3117 1109 3155 κατὰ
1139 3118 1283 3155 τοιούτου
1320 3118 1439 3160 παντὸς
1469 3119 1515 3166 μὴ

559 3181 717 3223 συνιέντος
740 3179 864 3224 ἑαυτὸν,
893 3176 1148 3227 [ἐξομοιουμένου
1175 3175 1208 3212 δὲ
1234 3178 1382 3227 φιληταῖς
1408 3178 1516 3226 ἀλογί-

561 3257 646 3284 στοις
669 3241 875 3291 καθάρμασι,
901 3238 991 3282 δίκην
1019 3236 1192 3286 βατράχων
1217 3239 1315 3285 βοῶσι
1334 3236 1516 3286 θορυὸωδέ-

513 3317 545 3344 ⁴2,
561 3302 697 3349 στατα,]
724 3301 760 3337 τὸ
783 3303 924 3336 τοιοῦτον
948 3301 965 3334 ὃ
992 3296 1127 3341 ποιητὴς
1152 3295 1273 3338 ἐξέθετο
1297 3297 1416 3344 δρᾶμα.
1437 3301 1516 3333 Δια-

562 3359 661 3403 σκευὴ
680 3358 713 3394 δὲ
734 3359 790 3395 καὶ
815 3359 935 3399 ἔκθεσις
955 3356 1061 3392 τοιάδε
1082 3358 1136 3391 τοῦ
1151 3354 1325 3404 δράματος·
1340 3354 1516 3390 πλάττεται

1252 417 1484 455 SCHOLIA
1516 416 1569 452 [N
1606 416 1801 454 RANAS·

1548 499 1595 546 τῷ
1611 500 1731 547 ποιητῇ
1750 498 1916 546 δυσφορῶν
1935 498 1952 531 δ
1968 496 2117 537 Διόνυσος
2135 496 2187 532 διὰ
2201 496 2238 533 τὸ
2255 498 2286 532 ἐν
2304 498 2368 538 τοῖς
2392 499 2510 535 Διονυ-

1549 556 1627 597 σίοις
1656 554 1701 603 μὴ
1731 550 1812 592 εἶναι
1836 554 1987 604 τραγικὸν
2015 553 2035 598 ἢ
2062 555 2204 603 κωμικὸν
2231 555 2330 598 δεξιὸν
2359 556 2511 600 ποιητήν.

1549 617 1619 654 ὅθεν
1641 618 1696 654 καὶ
1720 618 1883 667 βουληθεὶς
1905 618 2049 654 κατιέναι
2076 621 2120 660 εἰς
2145 618 2238 668 ᾅδου,
2263 622 2306 660 ὡς
2333 618 2512 669 Εὐριπίδην

1551 679 1671 714 ἐκεῖθεν
1687 677 1843 723 ἀνάξειεν,
1860 677 1913 714 ἐπὶ
1934 681 2156 719 Διονυσιακοῖς
2173 679 2238 719 τοῖς
2259 678 2435 729 κοθόρνοις,
2455 679 2513 715 καὶ

1551 736 1682 780 λεοντῆν
1711 736 1766 772 καὶ
1793 735 1933 786 ῥόπαλον
1960 736 2044 785 ἔχων
2071 736 2181 786 τρόπῳ
2212 741 2269 773 τοῦ
2295 736 2512 788 Ἡρακλέους,
2532 748 2549 771 5

1553 794 1634 843 μετὰ
1652 795 1791 832 Ξανθίου
1813 794 1954 840 οἰκέτου,
1977 795 2038 845 ὄνῳ
2061 796 2299 844 ἐποχουμένου,
2322 802 2390 838 τοῖς
2411 796 2515 844 ὤμοις

1553 854 1585 890 δὲ
1622 853 1779 904 ἀνάφορον
1819 852 1983 904 φέροντος,
2018 852 2036 889 ὃ
2066 854 2227 890 ἅλλακτὸν
2264 855 2518 906 δημωδεστέρως

1552 914 1720 958 καλεῖται,
1742 913 1786 953 εἰς
1807 912 1925 956 Θήὸας
1947 911 1968 955 ἢ
1991 911 2151 962 Τίρυνθα,
2171 912 2264 949 πόλιν
2287 916 2342 950 τοῦ
2360 911 2515 964 Ἄργους,

1554 972 1732 1021 ἀφικνεῖται
1747 970 1825 1022 πρὸς
1844 969 2031 1020 ζΗρακλέα,
2049 970 2140 1012 ὁδοὺς
2157 969 2213 1012 τὰς
2234 973 2277 1013 εἰς
2292 971 2370 1022 ᾅδου
2384 972 2519 1022 χρῄζων

1554 1032 1666 1078 μαθεῖν
1694 1030 1727 1073 ἐξ
1754 1031 1852 1067 αὔτοῦ
1879 1030 1935 1067 καὶ
1960 1032 2140 1081 πανδοχεῖα
2171 1031 2227 1068 καὶ
2256 1031 2430 1082 ἐκτροπὰς,
2461 1032 2520 1069 ἅτε
2542 1049 2570 1073 ιο

1552 1094 1609 1127 τοῦ
1634 1089 1831 1140 Ἡρακλέους
1856 1091 1900 1131 εἰς
1919 1089 1996 1140 ᾅδου
2021 1090 2097 1140 πρὶν
2122 1089 2329 1132 κατελθόντος
2355 1091 2405 1126 ἐπ’
2434 1092 2521 1127 ἀνα-

1553 1153 1645 1199 γωγῇ
1668 1154 1724 1186 τοῦ
1745 1149 1920 1200 Κερὸέρου·
1939 1151 1966 1186 εἰ
1982 1150 2038 1186 καὶ
2064 1151 2134 1188 δυσὶ
2157 1151 2281 1199 γενεαῖς
2300 1150 2522 1202 προγενέστε-

1556 1224 1608 1259 ρος
1629 1204 1668 1254 ἦν
1695 1198 1893 1259 Ἡρακλέους
1912 1211 1929 1245 ὁ
1956 1207 2118 1251 Διόνυσος.
2139 1209 2216 1259 παρ’
2239 1204 2275 1246 οὗ
2302 1207 2414 1257 μαθὼν
2437 1208 2524 1246 ὅσων

1556 1266 1702 1318 ἔχρῃζεν,
1731 1266 1918 1317 ἀπάρχεται
1942 1270 2000 1312 τῆς
2027 1267 2170 1318 πορείας.
2202 1267 2293 1317 παρὰ
2317 1267 2377 1313 τὴν
2401 1267 2523 1317 λίμνην

1557 1325 1590 1363 δὲ
1604 1325 1774 1378 πεφθακὼς
1803 1325 1861 1371 τὴν
1886 1327 2103 1377 Ἀχερουσίαν,
2127 1327 2222 1369 αὐτὸς
2245 1326 2303 1375 μὲν
2326 1330 2344 1364 ὁ
2367 1327 2525 1370 Διόνυσος
2544 1343 2573 1366 ιε

1557 1386 1646 1423 δυσὶν
1660 1386 1784 1428 ὂὸολοῖς
1800 1390 1991 1436 περαιοῦται
2007 1389 2054 1437 τῷ
2069 1385 2220 1437 Χάρωνι,
2240 1385 2382 1435 Ξαγθίας
2399 1387 2439 1432 δ’,
2455 1387 2524 1424 ἀνθ’

1556 1439 1601 1481 ὧν
1618 1448 1658 1495 τῇ
1683 1444 1757 1495 περὶ
1783 1444 1985 1495 Ἀργινούσας
2010 1446 2068 1482 οὐκ
2093 1445 2303 1494 ἐναυμάχησε
2322 1445 2492 1496 ναυμαχία
2509 1474 2519 1490 ,

1559 1508 1607 1555 τῷ
1632 1504 1765 1555 Χάρωνι
1792 1504 1839 1553 μὴ
1864 1505 2057 1556 ἀναληφθεὶς
2080 1507 2161 1553 πεζῇ
2185 1504 2243 1548 τὴν
2265 1504 2383 1552 λίμνην
2412 1505 2525 1555 κύκλῳ

1557 1563 1812 1615 περιπορεύεται·
1841 1563 1897 1601 καὶ
1925 1563 1958 1600 τί
1987 1564 2037 1599 δεῖ
2063 1563 2269 1612 λεπτολογεῖν
2300 1563 2338 1601 τὸ
2365 1569 2431 1600 πᾶν
2462 1567 2523 1600 τοῦ

1559 1622 1811 1673 συγγράμματος
1838 1622 1943 1667 τέλος
1971 1621 2122 1664 Διόνυσος
2147 1622 2297 1665 ξενίζεται
2327 1623 2522 1673 Περσεφόνῃ
2542 1634 2573 1657 m

1558 1680 1615 1717 καὶ
1632 1680 1823 1728 Πλούτωνι,
1841 1680 1898 1717 καὶ
1915 1680 2019 1730 κρίσιν
2037 1680 2254 1728 ποιησάμενος
2270 1683 2425 1725 ποιητῶν,
2452 1683 2524 1719 Εὖ-

1560 1738 1686 1789 ριπίδου
1703 1738 1760 1775 καὶ
1781 1737 1964 1788 Αἰσχύλου,
1978 1738 2034 1774 καὶ
2056 1738 2184 1789 ἄριστον
2202 1741 2248 1789 τῷ
2269 1739 2337 1776 ὄντι
2358 1738 2526 1789 Αἰσχύλον

1559 1798 1710 1847 νομίσας,
1739 1798 1797 1834 καὶ
1827 1797 1919 1848 παρὰ
1947 1797 2143 1848 προσδοκίαν
2171 1803 2284 1836 τοῦτον
2312 1798 2424 1836 λαὸὼν
2452 1798 2525 1835 ἀλλ’

1559 1858 1618 1894 οὒκ
1631 1857 1823 1906 Εὐριπίδην,
1839 1852 1928 1898 αὗθις
1944 1858 1975 1898 ἐς
1990 1855 2062 1899 τοὺς
2076 1859 2196 1900 ζῶντας
2210 1856 2415 1908 ἀνέρχεται.]

1756 2039 1997 2081 SCHOLIA
2027 2039 2088 2081 IN
2120 2039 2155 2080 R
2165 2039 2323 2080 ANAS.

1609 2144 1654 2182 ‘O
1671 2144 1813 2185 Ξανθίας
1833 2144 1888 2181 ἐπὶ
1904 2143 1976 2181 ὄνου
1999 2144 2181 2195 παράγεται
2198 2145 2424 2193 καθεζόμενος,
2442 2145 2528 2195 ἔχων
2543 2161 2574 2184 25

1561 2199 1615 2235 ἐπὶ
1647 2201 1711 2235 τῶν
1736 2198 1833 2246 ὤμων
1870 2198 2043 2249 ἀνάφορον,
2073 2197 2153 2235 ὅπου
2191 2192 2230 2243 ἧν
2260 2197 2303 2235 τὰ
2335 2197 2527 2249 στρώματα.

1564 2252 1671 2301 (εὗθὺς
1688 2254 1720 2289 ἐν
1737 2255 1778 2302 τῇ
1796 2252 1927 2302 εῖσὸολῇ
1944 2252 2114 2290 διαὸάλλει
2140 2252 2214 2294 τούς
2236 2267 2271 2289 τε
2289 2252 2466 2303 κωμῳδοὺς
2487 2255 2530 2294 ὡς

1562 2306 1696 2355 γελοίοις
1722 2306 1907 2356 χρωμένους
1935 2307 1991 2343 καὶ
2018 2306 2285 2357 παρατρέποντας
2312 2305 2385 2348 τοὺς
2414 2306 2530 2348 θεατὰς

1562 2361 1626 2398 ἀπὸ
1642 2364 1701 2405 τῆς
1718 2360 1913 2411 ἀκριὸείας.)

1613 2429 1637 2453 1.
1664 2418 1727 2452 τῶν
1743 2415 1899 2451 εἰωθότων
1926 2427 1935 2452 :
1950 2415 2035 2452 Ἀντὶ
2060 2418 2117 2450 τοῦ
2138 2416 2201 2451 τῶν
2219 2414 2348 2463 ἐθίμων,
2362 2418 2384 2459 ἡ
2403 2415 2528 2465 μετοχὴ
2546 2427 2575 2448 ³⁰

1562 2471 1633 2509 ἀντὶ
1648 2476 1704 2510 τοῦ
1718 2471 1883 2520 ὀνόματος·
1897 2470 1954 2508 καὶ
1970 2471 2121 2521 ‘'OF-⁷190<
2133 2471 2215 2520 [od.
2229 2482 2270 2517 A,
2280 2484 2327 2509 2¹³
2341 2475 2352 2514 ]

1675 2565 1724 2595 τὸν
1733 2564 1758 2595 δ’
1774 2563 1811 2594 αὗ
1823 2564 1992 2603 Τηλέμαχος
2002 2564 2178 2603 πεπνυμένος

1564 2650 1634 2687 ἀντὶ
1648 2653 1704 2687 τοῦ
1723 2648 1861 2691 πινυτός.
1887 2669 1928 2673 —
1954 2648 2110 2685 εἰωθότων
2128 2661 2137 2685 ;
2154 2650 2230 2686 Τῶν
2250 2648 2396 2693 συνήθων
2418 2649 2528 2685 διαλέ·

1562 2706 1674 2751 γεσθαι
1692 2705 1735 2745 εἰς
1753 2701 1871 2747 ἡδονὴν
1884 2706 1947 2739 τοῦ
1962 2702 2106 2753 θεάτρου.
2126 2705 2169 2740 Θ.
2187 2705 2251 2739 τῶν
2266 2702 2424 2747 συνήθων.
2442 2708 2503 2741 Br.

1611 2771 1639 2796 α.
1667 2757 1819 2806 θεώμενοι
1838 2769 1847 2795 :
1865 2759 1909 2794 Oi
1923 2757 2046 2794 θεαταί.
2066 2760 2109 2796 Θ.
2132 2765 2185 2793 Br.
2543 2765 2572 2789 ³⁶

1612 2824 1640 2849 3.
1666 2810 1704 2854 νὴ
1722 2811 1773 2849 Δί’
1789 2809 1809 2846 ὅ
1822 2826 1853 2847 τι
1873 2810 1980 2860 βούλει
1994 2826 2031 2859 γε
2051 2823 2060 2848 :
2075 2809 2173 2848 Ἴδιον
2189 2812 2287 2848 αὐτοῦ
2308 2811 2346 2848 τὸ
2364 2812 2408 2854 εἰς
2425 2815 2528 2848 ταῦτα

1562 2865 1762 2902 ὄλισθαίνειν·
1780 2867 1823 2907 ὡς
1834 2865 1889 2902 καὶ
1901 2867 1934 2901 ἐν
1949 2865 2109 2915 δευτέραις
2122 2864 2462 2915 Θεσμοφοριαζούσαις
2475 2867 2527 2915 [fr.

1564 2924 1625 2964 ³07]
1641 2922 1658 2955 ὁ
1672 2919 1818 2970 θεράπων
1836 2919 1932 2970 φησὶν

1678 3017 1716 3049 ὡς
1736 3015 1784 3045 διά
1794 3025 1828 3053 γε
1838 3018 1923 3045 τοῦτο
1937 3015 2042 3049 τοῦπος
2050 3037 2058 3051 ,
2068 3015 2102 3045 οὗ
2115 3015 2236 3053 δύναμαι
2248 3015 2339 3054 φέρειν

1679 3059 1767 3094 σκεύη
1777 3062 1916 3096 τοσαῦτα,
1931 3059 1980 3089 καὶ
1988 3059 2037 3089 τὸν
2051 3059 2131 3097 ὦμον
2140 3058 2282 3097 θλίδομαι.
2543 3062 2571 3086 40

1567 3143 1701 3177 ἐνταῦθα
1717 3138 1751 3176 δέ
1763 3153 1858 3191 φησιν
1876 3140 1923 3177 ὅτι
1941 3142 1977 3176 οὗ
1996 3140 2136 3189 δύναμαι
2154 3141 2324 3189 ἀνέχεσθαι
2341 3143 2398 3177 τοῦ
2416 3140 2528 3177 θλίόο-

1568 3209 1628 3242 μαι
1644 3193 1829 3243 λεγομένου.

1615 3261 1640 3285 ⁴.
1668 3248 1752 3284 πάνυ
1767 3247 1829 3298 γάρ
1847 3247 1911 3284 ἐστ’
1932 3248 1994 3292 ἤδη
2016 3248 2098 3297 χολή
2119 3261 2128 3286 z
2150 3248 2235 3286 ’Λντὶ
2256 3250 2313 3284 τοῦ
2329 3247 2423 3285 πολύ.
2441 3248 2480 3285 τὸ
2496 3247 2528 3284 δὲ

1567 3301 1664 3345 πολὺ,
1687 3302 1746 3338 κᾶν
1765 3297 1786 3350 ἦ
1807 3301 1926 3349 γλυκὺ,
1945 3302 2058 3350 πικρόν
2086 3304 2183 3338 ἐστιν.
2235 3300 2390 3348 (Ἄλλως.
2410 3302 2528 3338 ὡσανεὶ

1567 3355 1656 3403 ἔλεγε
1684 3356 1816 3402 ναυτία,
1837 3355 1888 3391 διὰ
1907 3356 1943 3392 τὸ
1966 3355 2202 3406 ἐπιδαψιλεύειν
2223 3355 2281 3399 τὴν
2300 3356 2433 3392 παιδιὰν
2452 3355 2528 3393 ταύ-
2540 3373 2571 3398 46
