2931 4012
563 421 636 460 ⁴⁹⁶

565 500 718 552 Στράτων
732 502 811 539 Α111.
827 525 866 533 -
884 503 929 538 32
948 501 1052 539 Παισί
1067 504 1320 549 Jungermanu.
1348 501 1393 537 ad
1415 500 1497 536 Pol-

563 558 629 593 luc.
651 570 685 602 7,
713 556 773 593 65.
800 556 1000 605 tegebatur
1023 558 1159 593 Παιᾶσι.
1185 580 1223 587 -
1246 556 1292 591 33
1315 555 1498 603 legebatur

562 610 747 660 Δημήτριος
764 608 798 646 δὲ
815 610 872 646 καὶ
896 610 1014 650 πάντες
1032 608 1085 645 τὸν
1106 609 1220 652 Ἰξίονα
1250 608 1410 656 λέγουσιν.
1432 610 1497 645 Hic

562 665 725 713 quaedam
748 665 914 701 mendosa
931 676 1007 701 esse
1032 671 1139 712 puto,
1167 676 1246 711 quae
1270 664 1374 699 sicin
1403 665 1497 699 ime-

562 730 664 767 grum
686 721 836 756 restituo
855 732 864 754 :
883 718 1070 769 Δημήτριον
1092 718 1147 754 τὸν
1168 717 1284 760 Ἰξίονα
1303 717 1421 758 πάντες
1440 716 1498 753 λε’-

560 780 669 822 γουσιν
681 774 714 809 ἒν
734 779 804 816 ταῖς
820 782 888 810 etc.
910 774 1112 809 Demetrius
1129 773 1223 808 euim
1250 772 1498 820 grammaticus

562 836 799 877 cognomento
825 827 1020 864 vocabatur
1042 826 1165 870 Ἰξίων,
1193 835 1232 863 ut
1247 827 1350 863 docet
1371 826 1498 863 Suidus

562 893 594 918 V.
611 881 797 932 Δημήτριος
819 884 837 918 ὁ
856 881 990 925 ἐπίκλην
1007 879 1121 923 Ἰξίων.
1139 885 1251 918 Κυετ.
1267 881 1412 918 Correxi
1428 882 1498 924 Δη-

562 935 696 985 μήτριον
708 944 742 972 et
759 936 874 972 delevi
890 935 957 972 καὶ.
973 933 1099 976 Πάντες
1117 936 1364 983 intelliguntur
1377 947 1498 970 omnes

562 991 792 1039 interpretes,
808 1003 958 1038 quorum
976 991 1154 1038 excerptis
1171 1002 1253 1026 usus
1276 998 1329 1026 est
1344 990 1498 1026 scholia-

561 1053 626 1081 sta.
645 1045 703 1081 Sic
721 1045 757 1080 in
769 1045 878 1080 schol.
892 1045 1009 1092 Equit.
1032 1045 1135 1088 1381,
1157 1048 1264 1093 Vesp.
1287 1046 1389 1080 1326.
1406 1046 1499 1081 51111-

562 1099 703 1147 pliciter
720 1097 823 1140 Ἰξίων
842 1098 936 1146 apud
954 1098 1098 1134 Suidam
1119 1111 1146 1134 s.
1160 1097 1370 1138 Λαισποδίας.
1382 1101 1495 1134 Dum.

561 1176 600 1185 ...
617 1153 663 1188 35
681 1152 804 1196 κτήνως
822 1156 860 1187 V.
879 1157 999 1194 κτεῖνος
1015 1155 1058 1188 G.
1070 1176 1109 1183 —
1126 1153 1172 1188 36
1186 1152 1334 1189 σπονδεῖν
1347 1155 1386 1188 V.

615 1207 707 1243 1582
718 1235 728 1252 ,
760 1207 806 1243 50
836 1205 934 1243 Ἐστι
959 1207 993 1242 δὲ
1024 1206 1061 1242 τὸ
1091 1206 1216 1257 σίλφιον
1245 1201 1326 1248 εἶδος
1355 1206 1499 1254 λαχάνου

560 1261 723 1310 ἡδυόσμου
738 1265 779 1298 R.
793 1284 832 1293 -—
847 1262 888 1298 51
910 1261 1095 1311 πρόκνισμα
1110 1264 1152 1298 V.
1163 1284 1202 1292 —
1218 1261 1261 1297 53
1283 1261 1336 1298 ἐπὶ
1352 1261 1389 1297 τὸ
1406 1264 1449 1297 R.

614 1316 719 1364 1590,
735 1329 754 1361 7
770 1315 856 1363 λέγει
873 1329 942 1352 0111.
961 1319 1003 1351 V.

615 1383 626 1405 1
636 1370 701 1418 591
727 1372 876 1413 εἰσῆκται
890 1378 926 1405 et
942 1371 1094 1418 πολεμεῖν
1111 1370 1298 1421 ἀποφαίνων
1316 1370 1396 1406 Α11Ι.

615 1425 706 1471 1594
723 1429 766 1462 R.
785 1425 893 1462 habet
911 1426 1060 1473 glossam
1077 1425 1148 1462 ἀντὶ
1165 1430 1221 1462 τοῦ
1241 1426 1375 1466 εὖδινάς.

617 1479 708 1526 1598
725 1480 766 1516 Εἰ
781 1479 836 1515 καὶ
854 1478 937 1520 ὅλως
961 1480 1016 1516 καὶ
1031 1483 1073 1516 R.
1090 1483 1132 1515 V.

617 1533 721 1577 1603,
740 1533 785 1568 26
800 1532 853 1569 τὸν
885 1532 937 1582 ἄρ.
959 1536 1002 1570 R.
1018 1555 1057 1563 -—
1078 1535 1121 1569 28
1139 1533 1235 1569 αὐτὸν
1256 1537 1296 1569 V.
1318 1556 1358 1564 —
1373 1545 1417 1580 29
1441 1531 1498 1576 τὴν

561 1598 631 1622 om.
645 1589 689 1622 R.
1374 1608 1377 1612 -

615 1642 679 1676 161
691 1653 721 1686 1,
735 1643 778 1683 34
798 1654 852 1689 sq.
863 1638 935 1681 τοὺς
953 1639 1042 1681 θεοὺς
1055 1640 1110 1677 καὶ
1127 1640 1198 1681 τοὺς
1213 1641 1339 1691 ὄρνιθας
1354 1644 1396 1677 R.
1416 1644 1459 1678 V.

616 1697 721 1739 1614,
740 1696 785 1732 38
799 1696 854 1732 καὶ
873 1695 986 1732 ἑαυτὸν
1004 1699 1048 1732 R.

615 1751 718 1795 1620,
735 1756 779 1795 47
797 1743 862 1785 οἷον
882 1749 1013 1798 μόνιμοι
1033 1749 1113 1785 ΑΙιΙ.
1128 1772 1168 1780 -
1183 1752 1229 1791 48
1246 1749 1336 1799 παρὰ
1354 1749 1498 1799 Ἀριστο-

560 1803 680 1855 φάνους
701 1807 744 1840 G.
765 1827 801 1832 --—
826 1809 872 1850 49
896 1816 949 1852 sq.
973 1802 1182 1853 περὶ-γυνή.
1202 1807 1265 1840 Est
1294 1803 1498 1839 Archilochi

561 1871 686 1896 versus
707 1859 900 1895 secundum
926 1858 1149 1908 probabilem
1170 1858 1411 1906 conjecturam
1427 1861 1498 1895 ..la-

562 1914 674 1951 cobsii
700 1913 744 1949 ad
777 1914 898 1961 fragm.
927 1926 970 1958 27
981 1941 992 1958 ,
1020 1926 1056 1961 p.
1087 1913 1154 1948 302
1183 1913 1238 1949 ed.
1263 1913 1438 1949 Gaisford.
1457 1915 1501 1949 Et

559 1970 682 2018 παχεῖα
701 1981 744 2004 ex
761 1967 830 2003 hoc
846 1980 951 2003 versu
965 1967 1092 2003 afferre
1116 1967 1258 2003 videtur
1275 1968 1436 2003 Eustath.
1459 1979 1495 2014 11.

566 2024 670 2070 1329,
685 2023 741 2059 36.
757 2025 870 2059 Dum.
895 2027 1019 2071 παχεῖα
1045 2021 1100 2058 καὶ
1127 2036 1197 2070 μισ.
1221 2022 1296 2058 Α111.
1311 2045 1351 2053 -
1364 2022 1408 2056 50
1423 2021 1498 2066 ἐξη-

559 2080 674 2126 γοῦντο
688 2080 732 2114 R.
746 2101 784 2108 —
799 2077 837 2111 51
860 2076 892 2112 τί
914 2077 1000 2113 ἐστὶν
1018 2080 1060 2113 V.

613 2132 725 2175 1628,
746 2131 766 2166 5
785 2130 897 2167 τούτου
923 2131 962 2166 V.
981 2130 1069 2167 εἷώθ.
1090 2130 1146 2167 καὶ
1164 2134 1206 2167 R.
1223 2131 1303 2168 Ald.
1325 2129 1394 2171 τοὺς
1420 2132 1498 2180 βαρ·-

559 2184 678 2235 6άρους
693 2186 917 2233 διαλεγόμενος
933 2183 1191 2233 (διαλεγομένους
1208 2186 1265 2231 G.)
1283 2188 1326 2219 V.

614 2241 719 2284 1648,
737 2251 784 2273 22
798 2238 879 2275 Ὅτι
893 2238 930 2274 τὸ
948 2241 989 2274 R.
1007 2242 1047 2274 V.
1060 2263 1097 2272 -
1111 2239 1154 2273 23
1174 2238 1229 2274 καὶ
1248 2252 1319 2275 om.
1337 2241 1378 2274 V.
1395 2262 1432 2269 --
1451 2239 1497 2273 25

487 2301 492 2305 “
560 2292 721 2345 εὑρημένη
735 2293 924 2329 Bentleius.
943 2292 1039 2327 Libri
1052 2291 1218 2340 εἰρημένη.

614 2348 720 2396 1653,
736 2347 852 2383 31-33
870 2347 912 2383 Εἰ
927 2340 1092 2394 μὴ-οῧσα
1121 2347 1213 2383 infra
1237 2355 1317 2394 post
1340 2347 1412 2397 περὶ
1434 2348 1498 2382 τῶν

558 2402 699 2452 γνησίων
716 2405 758 2439 R.
781 2405 827 2439 V.
843 2424 881 2431 —-
898 2403 938 2437 31
962 2402 1002 2437 Εἰ
1028 2400 1086 2448 μὲν
1107 2404 1148 2436 R.
1166 2404 1211 2437 V.
1226 2426 1265 2431 —
1283 2403 1326 2436 32
1354 2402 1439 2436 ἐστιν
1458 2402 1498 2441 ὡς

558 2456 605 2506 μὴ
625 2462 664 2494 V.
677 2481 715 2488 —
732 2459 776 2493 33
794 2456 938 2507 ἑταίρους
952 2460 993 2493 R.
1009 2457 1089 2492 Ald.
1105 2456 1364 2506 συγκληρόνομος
1379 2459 1423 2492 R.
1441 2470 1499 2505 μο-

557 2512 710 2563 νόκληρος
724 2517 763 2549 R.
781 2516 837 2554 V.,
851 2511 912 2547 sed
928 2510 1207 2560 μονοκληρονόμος
1220 2511 1343 2548 Suidas
1357 2525 1384 2547 s,
1401 2512 1498 2548 Ἐπί·-

558 2569 685 2618 κληρος.
701 2568 803 2604 Cous.
817 2566 863 2602 ad
881 2566 991 2604 schol.
1007 2569 1110 2614 Vesp.
1132 2566 1214 2601 583.
1230 2588 1268 2597 ·-
1288 2567 1333 2601 36
1351 2560 1404 2602 οὗν
1423 2579 1495 2603 om.

558 2624 600 2657 R.
619 2621 757 2657 Deinde
784 2621 1008 2657 scribebatur
1034 2615 1085 2669 ᾗς.
1108 2624 1149 2655 V.
1179 2620 1256 2656 Ald.
1273 2620 1311 2656 ἂν
1339 2623 1360 2665 ἡ
1377 2621 1442 2658 ἈΟ.
1461 2644 1499 2651 -

560 2676 604 2720 37
624 2674 798 2725 ἐπικλήρου
815 2678 858 2710 R.
876 2678 919 2710 V.
939 2675 1000 2724 γὰρ
1014 2676 1058 2715 ὡς
1074 2673 1173 2710 ὄντων
1199 2689 1248 2721 γν.
1265 2678 1307 2711 R.
1323 2699 1361 2707 --
1380 2676 1425 2710 38
1445 2675 1498 2711 ἐπὶ

558 2727 680 2778 κλήρου
695 2732 736 2765 R.
750 2729 926 2778 ἐπικλήρου
943 2732 984 2764 V.
999 2752 1038 2759 -
1054 2735 1099 2777 49
1116 2730 1216 2777 prius
1234 2729 1289 2766 καὶ
1313 2743 1382 2766 0111.
1403 2733 1445 2766 R.
1461 2754 1499 2761 -

560 2789 601 2826 41
623 2785 659 2819 οὗ
673 2782 957 2833 προσποιούμενος.
978 2784 1080 2820 Conf.
1103 2784 1213 2819 schol.
1232 2797 1265 2819 v.
1283 2787 1365 2821 302.

613 2837 717 2882 1656,
742 2840 858 2880 44-46
872 2836 1136 2887 γράφεται-τοῖς
1150 2837 1292 2886 γνησίοις
1306 2839 1397 2874 infra
1417 2847 1500 2887 post

555 2892 593 2930 τὸ
619 2894 726 2928 νοθεῑα
754 2891 778 2926 l.
809 2896 855 2937 49
876 2892 978 2939 ponit
1000 2895 1041 2927 V.
1071 2892 1216 2941 praefixo
1246 2892 1363 2934 ἄλλως.
1387 2915 1426 2924 -
1451 2897 1495 2937 47

557 2947 714 2989 Ἀττικοῖς
727 2949 773 2983 R.
791 2950 836 2982 V.
855 2944 954 2996 μέχρι
967 2946 1044 2982 δέκα
1063 2948 1240 2984 Meursius
1259 2952 1369 2984 Lectt.
1392 2949 1498 2984 Attic.

563 3015 577 3038 1
592 3029 603 3048 ,
625 3014 666 3038 21
680 3029 691 3046 ,
715 3008 922 3049 comparato
953 3003 1164 3048 Harpocrat.
1193 3015 1221 3038 s.
1251 3004 1383 3039 Νοθεῑα.
1399 3026 1435 3034 -
1453 3009 1499 3050 49

558 3065 640 3105 post
653 3059 759 3093 νοθεῖα
775 3056 872 3092 addit
887 3059 931 3091 R.
954 3054 1071 3098 ἄλλως.
1088 3057 1115 3091 εἴ
1126 3055 1167 3092 τὰ
1186 3055 1244 3103 μὲν
1259 3056 1413 3108 χρήματα
1426 3058 1497 3106 ἐμοὶ

555 3111 743 3164 καταλείψιι
761 3113 803 3152 ὡς
823 3110 922 3161 νόθῳ,
938 3109 997 3155 τὴν
1015 3111 1118 3161 ἀρχὴν
1139 3110 1173 3147 δὲ
1199 3117 1265 3152 τοῖς
1282 3111 1435 3161 γνησίοις.
1453 3136 1491 3146 ..-

1285 417 1560 457 ΔΒΝΟΤΑΤΙΟ
1586 419 1636 455 ΙΝ
1661 417 1823 456 scnoL.

1555 500 1599 535 5ο
1630 500 1775 537 ἐδίδοσαν
1796 504 1838 537 V.
1860 500 1942 536 Ald.
1958 525 1996 532 —
2012 500 2053 535 51
2074 500 2286 550 κληρονομεῖν
2331 502 2379 535 R.
2415 499 2496 536 Ald.

1557 555 1559 557 ’
1605 555 1708 601 1669,
1729 567 1747 599 7
1768 553 1841 595 τοὺς
1857 554 2016 605 φράτορας
2034 555 2113 591 Ald.
2127 553 2186 597 τὴν
2204 554 2368 601 εὐγένειαν
2385 557 2432 590 R.

1606 610 1709 654 1671,
1735 622 1776 645 12
1802 608 1857 645 τὸν
1882 621 1952 647 om.
1969 613 2012 645 V.
2033 608 2209 659 βλέψαντος
2234 611 2279 645 R.
2304 608 2340 645 τί
2362 608 2439 653 δῆτ’
2456 610 2499 647 εἰς

1549 661 1591 699 τὰ
1618 662 1686 699 ἄνω
1711 662 1890 714 πράγματα
1918 662 2112 705 ἀποὸλίπεις
2135 666 2176 699 V.
2205 688 2243 695 —
2265 669 2305 707 14
2329 662 2368 699 τί
2394 662 2436 707 δὴ
2460 662 2500 699 τὰ

1551 715 1618 753 ἄνω
1631 720 1675 753 R.

1606 772 1710 817 1678,
1733 785 1775 818 19
1787 777 1885 820 γαμεῖ
1900 775 1942 808 R.
1959 775 2002 808 V.
2015 770 2111 822 γάμῳ
2124 771 2338 822 παραδίδωμι
2352 775 2399 808 G.
2418 774 2501 808 Post

1550 831 1667 873 γαμεῖν
1685 826 1783 862 addit
1797 826 1878 863 Ald.
1900 826 1984 862 οὕτω
2001 826 2151 875 Δίδυμος.
2167 825 2500 876 Δίδυμος-ὀρνιθά-

1552 882 1598 923 ζει
1613 881 1836 917 referendum
1855 881 1898 917 ad
1920 881 2042 929 βατίζιι
2062 894 2097 919 v.
2123 883 2227 918 1680.

1607 936 1718 981 1680,
1737 949 1778 971 21
1803 936 1869 972 Καὶ
1887 935 1953 983 μὰ,
1981 937 2026 972 23
2057 938 2145 986 αὐτῷ
2162 940 2205 973 V.
2220 936 2327 972 -25
2346 935 2502 986 ῥομφάλῃ

1553 994 1596 1026 G.
1609 1014 1648 1021 —
1666 1002 1710 1035 27
1729 991 1903 1034 καθολικῆς
1914 993 1967 1036 V.,
1987 991 2050 1039 qui
2067 991 2163 1041 φησίν
2192 1000 2229 1027 et
2241 988 2276 1026 δὲ
2291 1002 2373 1026 om.
2401 993 2498 1027 Fort.

1553 1045 1596 1085 εἷς
1611 1043 1647 1080 τὸ
1664 1043 1803 1093 βαδίζειν
1824 1045 1876 1080 vel
1894 1043 1953 1089 τὴν
1975 1044 2069 1093 βάσιν
2085 1046 2139 1081 vel
2156 1043 2216 1089 τὴν
2235 1044 2370 1093 βάδισιν
2383 1072 2394 1090 ,
2409 1053 2449 1080 ιιι
2466 1046 2500 1080 111

1553 1098 1689 1134 scholio
1724 1098 1902 1147 proximo.
1942 1102 1988 1134 28
2016 1100 2048 1136 Τ
2048 1099 2066 1136 ὸ
2079 1100 2262 1136 τελευταῖον
2277 1107 2318 1135 et
2349 1111 2500 1147 sequen-

1555 1153 1600 1188 tia
1620 1161 1779 1200 spectant
1798 1154 1842 1189 ad
1861 1166 1895 1188 v.
1918 1154 2022 1195 1684.
2039 1156 2149 1190 Dum.

1608 1209 1711 1250 1681,
1735 1208 1778 1249 34
1794 1210 1815 1251 ἦ
1833 1221 1903 1243 0111.
1920 1210 1961 1243 R.
1977 1210 2019 1243 V.
2035 1206 2072 1243 αἵ
2087 1222 2123 1256 γε
2139 1206 2198 1255 μὲν
2216 1221 2293 1257 πορ.
2316 1211 2363 1244 R.

1608 1263 1711 1306 1688,
1732 1267 1776 1303 42
1796 1261 1893 1311 φησὶν
1911 1261 2097 1307 ἐκόπησαν,
2120 1263 2164 1303 43
2180 1261 2237 1297 τὸν
2255 1261 2394 1312 ἄριστον
2407 1264 2453 1298 R.

1607 1317 1710 1363 1694,
1726 1316 1763 1351 51
1784 1319 1838 1352 νῦν
1854 1329 1924 1354 om.
1944 1319 1986 1352 R.
1998 1339 2036 1346 —
2050 1316 2093 1351 53
2111 1315 2198 1366 παρὰ
2210 1314 2251 1352 τὰ
2265 1320 2359 1353 R.-
2376 1328 2389 1350 1
2408 1316 2502 1364 ἀκρο-

1553 1370 1655 1406 πόλει.
1687 1370 1890 1418 Legvbatur
1916 1370 2020 1419 ἅργει.
2048 1373 2255 1407 Con-ectum
2281 1383 2330 1406 ex
2365 1370 2501 1407 scholio

1554 1425 1729 1473 proximo.
1748 1424 1838 1460 ἄστει
1862 1425 2053 1460 Bemleins.
2072 1425 2264 1473 Sequentia
2284 1424 2399 1460 verba
2425 1436 2502 1471 spo-

1553 1487 1651 1515 ctant
1665 1480 1710 1516 ad
1735 1492 1768 1516 v.
1803 1481 1914 1525 1694,
1944 1479 2006 1516 ubi
2032 1478 2211 1515 πέπαικται
2237 1480 2418 1527 scriptum
2438 1491 2500 1527 pro

1552 1532 1738 1577 πεποίηται.
1754 1556 1792 1564 -
1807 1534 1826 1568 3
1843 1532 1968 1583 Ἴστρος
1986 1546 2056 1569 om.
2075 1537 2117 1570 V.
2132 1555 2170 1563 --
2190 1538 2208 1575 4
2229 1534 2264 1568 ἐν
2284 1535 2329 1582 τῇ
2348 1532 2502 1583 κωμῳδίᾳ

1554 1590 1598 1632 G,
1615 1592 1681 1627 τοῖς
1695 1600 1765 1623 0111.
1783 1590 1825 1623 R.
1841 1610 1877 1616 -
1899 1587 1918 1622 5
1934 1585 2019 1623 οὕτω
2032 1585 2066 1624 δὲ
2082 1585 2276 1635 ὠνομάσθαι
2291 1590 2338 1624 R.
2488 1591 2491 1592 ⁷

1607 1641 1712 1687 1699,
1737 1653 1777 1686 17
1798 1642 1861 1676 τῶν
1878 1653 1949 1676 0111.
1967 1644 2013 1677 R.
2034 1645 2078 1678 V.

1609 1708 1713 1739 1701,
1732 1707 1778 1730 2ο
1799 1694 1836 1731 τὸ
1852 1695 2067 1740 πληθυντικὸν
2088 1699 2129 1732 R.
2149 1698 2283 1731 V.-22
2300 1694 2392 1732 ἔστιν
2411 1693 2445 1731 δὲ
2460 1698 2499 1730 V.

1607 1762 1620 1784 1
1630 1749 1710 1794 705,
1732 1750 1776 1785 28
1792 1748 1964 1797 δικολόγων
1979 1750 2133 1787 Lobcck.
2154 1749 2199 1786 ad
2216 1749 2352 1798 Phryn.
2367 1763 2407 1799 p.
2422 1749 2500 1791 643.

1553 1826 1592 1833 —
1607 1816 1653 1851 29
1666 1805 1819 1851 γλῶσσαν
1837 1807 1879 1841 V.
1898 1812 1932 1839 et
1950 1817 2031 1839 mox
2043 1805 2186 1852 γλῶσσα.
2197 1827 2238 1836 -
2255 1805 2303 1840 35
2318 1803 2428 1845 ἄλλως
2439 1803 2499 1839 ha-

1554 1857 1615 1893 bet
1635 1862 1689 1905 R„
1709 1858 1790 1894 licet
1807 1860 1991 1905 sequentia
2006 1859 2114 1895 verba
2131 1859 2291 1894 omittat.

1610 1920 1712 1964 1706,
1726 1924 1770 1960 42
1790 1917 1917 1968 ἰσχύσει
1934 1920 2069 1955 Victor.
2082 1943 2122 1951 —-
2139 1924 2182 1962 44
2207 1917 2298 1955 Ἀντὶ
2314 1921 2374 1955 τοῦ
2388 1921 2445 1962 τῆς
2460 1921 2497 1954 R.

1609 1993 1713 2027 1717,
1745 1980 1789 2015 53
1819 1979 1942 2025 εἷλησιν
1971 1984 2016 2017 V.
2030 2002 2068 2010 —
2089 1992 2104 2014 1
2130 1978 2219 2027 λέγει
2245 1978 2284 2016 δὶ
2313 1979 2354 2017 τὸ
2386 1983 2496 2027 Toup.

1554 2035 1702 2071 Eum-nd.
1720 2034 1790 2070 vol.
1807 2039 1839 2078 4,
1857 2047 1891 2082 1).
1915 2036 1992 2070 130.

1610 2107 1711 2139 1720,
1742 2107 1782 2130 12
1810 2093 1846 2130 τὸ
1874 2093 1908 2130 δὲ
1924 2092 1995 2138 ἑξῆς
2010 2093 2110 2142 ἅναχε
2138 2093 2215 2141 (sic)
2233 2093 2324 2143 δίεχε
2351 2093 2424 2130 ἀντὶ
2447 2096 2497 2129 τοῖ

1609 2211 1700 2255 1736
1726 2211 1777 2246 sic
1795 2214 1838 2248 R.
1867 2209 2067 2258 Legebatur
2090 2210 2134 2246 ad
2162 2222 2196 2245 v.
2234 2215 2330 2253 1740
2343 2237 2356 2254 ,
2375 2208 2458 2256 ὑμὴν
2474 2201 2499 2244 ὦ

1554 2264 1680 2312 ὑμέναι’
1704 2258 1732 2300 ὦ
1747 2279 1754 2299 :
1772 2264 1867 2313 ᾔδετο
1892 2267 1988 2300 τοῦτο
2013 2266 2047 2301 ἐν
2072 2269 2137 2305 τοῖς
2165 2263 2297 2312 γάμοις.
2323 2263 2453 2315 εἴρηται
2469 2261 2500 2298 δὲ

1554 2322 1648 2355 τοῦτο
1665 2318 1698 2353 ἐν
1712 2323 1778 2359 τοῖς
1798 2318 2035 2368 Μενανδρείοις.
2053 2319 2197 2355 Omittit
2212 2321 2259 2362 Y.

1609 2380 1710 2422 1737,
1732 2391 1778 2425 29
1791 2377 1926 2424 μηθένος
1943 2378 2020 2414 Α111.
2038 2376 2122 2425 μήτε
2139 2377 2207 2419 ἑνὸς
2226 2380 2270 2414 R.
2288 2381 2332 2414 V.

1609 2444 1697 2483 1744
1715 2437 1788 2479 τοὺς
1803 2438 1877 2488 περὶ
1900 2443 1940 2474 V.

1609 2498 1711 2542 1745,
1732 2498 1752 2533 5
1770 2512 1878 2546 γινομ.
1895 2501 1937 2534 R.
1955 2505 1990 2534 et
2009 2497 2137 2535 Suidas
2160 2510 2187 2534 s.
2210 2497 2370 2540 Χθονίας.
2392 2512 2502 2548 γενομ.

1554 2556 1595 2589 V.
1616 2553 1690 2588 Ald.

1609 2612 1699 2657 1758
1717 2614 1734 2648 ὁ
1754 2610 1981 2661 Πεισθέταιρος
1999 2624 2070 2648 om.
2087 2615 2129 2647 V.
2146 2612 2226 2649 Ald.

1607 2672 1711 2715 1764,
1733 2684 1778 2718 29
1794 2670 1869 2722 Ἤρ.
1895 2673 2052 2720 γεγιστῶν
2075 2671 2181 2707 ἄθλων
2207 2672 2312 2709 αὐτοῦ
2341 2676 2390 2710 R.
2408 2668 2502 2710 ἆθλον

1553 2726 1650 2761 αὐτοῦ
1675 2727 1826 2761 V.—3o
1852 2725 1976 2762 aberat
2004 2719 2032 2762 ὦ
2056 2734 2090 2761 et
2114 2725 2313 2773 legebatur
2331 2727 2506 2780 Ἡράκλεις

1553 2779 1647 2821 αὐτός
1663 2795 1697 2816 τε
1712 2779 1767 2816 καὶ
1789 2779 1919 2818 Ἰόλαος.
1933 2780 2011 2815 vid.
2028 2780 2071 2815 ad
2091 2780 2195 2815 finem
2225 2781 2457 2819 scholiorum
2475 2785 2508 2820 in

1553 2836 1704 2871 Acltarn.
1720 2859 1757 2865 —
1770 2835 1811 2870 31
1836 2833 1999 2883 αἰχμητὴς
2017 2838 2057 2870 R.
2075 2833 2129 2869 δύο
2144 2834 2231 2870 libri
2254 2834 2291 2872 δὲ
2318 2850 2398 2874 0111.
2420 2842 2462 2876 R.
2477 2861 2511 2870 -

1554 2889 1599 2924 32
1619 2890 1732 2925 ἑαυτοῦ
1746 2892 1788 2924 V.

1602 2951 1642 2986 lu
1662 2950 1729 2984 fine
1751 2948 1965 2984 scholiorum
1983 2948 2016 2983 111
2039 2947 2128 2983 hanc
2153 2947 2324 2988 rabulam
2358 2953 2512 2990 subscri-

1554 3012 1654 3051 ptum
1670 3004 1705 3038 in
1721 3006 1762 3038 V.
1783 3010 1836 3038 est
1862 2999 2134 3051 παραγέγραπται
2157 3004 2195 3038 ἐκ
2221 3006 2294 3042 τῶν
2322 3004 2513 3058 Σύμμάχου

1553 3058 1607 3093 καὶ
1625 3056 1732 3093 ἄλλων
1754 3055 1905 3105 σχολίων.
1925 3057 2055 3092 Eadem
2079 3057 2189 3094 verba
2209 3072 2257 3096 ex
2278 3063 2416 3100 codiee
2434 3064 2514 3101 Lei-

1556 3113 1653 3149 densi
1670 3112 1819 3160 protulit
1837 3111 2022 3147 Dobraeus.
