2931 4012
585 398 649 429 166

1270 380 1513 419 SCHOLIA
1545 380 1597 415 1N
1633 381 1846 418 VESPAS.

631 480 702 505 1386.
732 465 874 512 (ὑπώπια
892 477 899 500 :
917 466 948 501 Τ
950 463 970 499 ἆ
986 464 1028 504 εἷς
1040 461 1098 506 τὴν
1109 461 1180 511 ὄψίν
1192 459 1370 508 πλήγματα
1384 461 1530 495 ἐνταῦθα·
1582 458 1784 508 ἕργαζέσθω.)
1804 460 1975 496 καὶταῦτα
1996 460 2029 497 δὲ
2044 463 2077 497 ἐν
2095 463 2165 503 ταῖς
2184 462 2371 512 παρο·.υ.ιά·;
2390 463 2534 514 φέρεται.

578 523 703 573 εἴρηται
726 520 752 556 δ’
777 522 809 556 ἐν
839 519 946 559 ἄλλοις
970 522 1018 562 [ad
1033 522 1158 552 Acharn.
1179 528 1244 559 εει,
1263 523 1329 550 Pac.
1349 518 1409 557 541]
1434 515 1528 562 ἀκρι-

578 575 754 626 θέστερον.)

2399 501 2405 513 Δ

1633 515 1734 561 (1432).
1761 515 1804 555 εἷς
1818 513 1859 549 τὰ
1878 515 2041 552 Πιττάλου
2057 528 2066 552 :
2085 518 2143 557 Εἰς
2165 518 2294 567 ἰατροῦ,
2312 518 2435 568 [tp-mlv,
2451 519 2536 556 ἀπό-

1581 569 1690 617 τρεχε]
1713 568 2025 619 θεραπευθησόμενος
2053 570 2110 611 τὰς
2136 572 2271 620 πληγάς.
2302 572 2409 623 ἰατρὸς
2433 573 2496 625 γὰρ
2524 577 2541 611 6

630 643 702 668 1388.
728 629 773 666 ἴθι
792 643 847 676 μοι
860 625 1053 677 παράστηθ’,
1072 624 1230 660 ἄντιὸολῶ
1251 636 1260 660 :
1281 621 1368 667 Γυνή
1383 637 1430 663 τις
1447 620 1534 671 ὖὸρι-
1554 621 1560 670 (
1584 621 1753 665 Πίτταλος.

546 706 562 730 ⁵
580 684 681 734 σμένη
710 683 774 719 ὑπὸ
793 685 848 718 τοῦ
877 681 1022 731 γέροντος
1047 679 1148 715 δεῖται
1172 680 1229 713 τοῦ
1254 679 1322 713 υἱοῦ
1353 678 1533 726 (βοηθῆσαι

1635 689 1708 715 1433.
1739 677 1846 726 (ὅμοιά
1864 692 1920 715 σου
1937 691 1946 715 :
1964 677 2005 716 ‘0
2026 677 2232 715 Βδελυκλέων
2247 680 2349 716 ταῦτά
2367 696 2446 732 φησι
2463 682 2541 732 πρὸς
2559 698 2574 720 5

579 742 673 789 αὐτῇ.
693 737 833 785 Δίδυμος
850 735 883 772 δὲ
899 733 1077 784 ἀρτόπωλις
1100 731 1211 781 λέγει).
1231 753 1277 759 -
1295 731 1374 780 γυνή
1392 745 1440 771 τις
1455 729 1535 779 πρὸς
1583 730 1637 767 τὸν
1654 731 1859 783 κατήγορον.)

580 794 739 844 μάρτυρα.
754 798 790 827 R.

630 859 703 883 1391.
728 844 910 888 κάπιθήκην
928 856 937 881 :
955 841 1039 883 Τοὺς
1053 841 1165 884 ἔξωθεν
1180 843 1238 877 τοῦ
1254 838 1382 891 φορτίου
1394 837 1535 889 προσθή·

577 914 640 947 κην
653 900 760 942 ὄντας.

631 966 703 991 1394.
732 953 833 1002 (λόγοι
862 951 1086 994 διαλλάξουσιν
1106 963 1115 988 :
1143 952 1302 998 Μιμεῖται
1325 947 1366 985 τὰ
1381 947 1535 996 εἰρημένα

579 1010 642 1046 ὑπὸ
658 1013 714 1046 τοῦ
729 1010 821 1056 υἱοῦ.)

631 1076 704 1100 1996.
734 1060 952 1110 (καταπροΐξει
978 1061 1055 1097 ;Οὖ
1081 1058 1126 1107 μὴ
1154 1056 1426 1109 καταφρονήσεις,
1445 1053 1536 1104 παρὰ

580 1117 637 1163 τὴν
660 1122 792 1167 προῖκα.
821 1114 983 1152 τουτέστιν
1011 1116 1047 1150 οὐ
1071 1112 1194 1163 δωρεάν
1223 1126 1285 1161 μου
1313 1113 1449 1160 ἐγχανῇ.
1480 1108 1536 1145 καὶ

580 1176 673 1210 τοῦτο
687 1171 721 1208 δὲ
739 1173 771 1208 ἐν
789 1171 896 1211 ἄλλοις
919 1175 969 1215 [ad
982 1174 1060 1206 Nub.
1078 1180 1157 1213 12⁴0,
1171 1176 1227 1212 Eq.
1251 1168 1349 1214 4351.)
1364 1188 1406 1194 -—
1423 1164 1535 1201 ὄνομα.

533 1246 565 1270 η
579 1237 612 1265 R.
629 1238 667 1266 V.
1404 1237 1407 1239 '

631 1292 703 1317 1397.
731 1278 913 1329 (θυγατέρος
936 1291 945 1315 :
974 1277 1053 1315 ‘'O-tt
1081 1280 1139 1314 οὐκ
1171 1276 1323 1316 Ἀττικῶς
1347 1272 1472 1323 εἴρηται
1500 1271 1538 1307 τὸ

581 1333 768 1383 θυγατέρος,
784 1335 855 1369 ἀλλ’
874 1333 1036 1374 Ἰωνικῶς.
1053 1330 1096 1367 τὰ
1112 1329 1224 1381 φορτία
1243 1328 1277 1365 δὲ
1290 1327 1363 1369 τοὺς
1377 1327 1510 1377 ἄρτους.)

632 1399 706 1425 1403.
731 1387 824 1436 γυνή.
843 1396 878 1424 R.

632 1453 704 1478 1⁴0⁸.
732 1434 771 1488 (ὧ
798 1440 874 1477 κύον
899 1440 974 1476 κύον
1003 1453 1012 1477 :
1042 1439 1113 1483 Τὴν
1136 1437 1316 1489 ἀρτόπωλιν
1339 1435 1420 1473 κύνα
1438 1428 1536 1471 εἶπεν.

534 1513 569 1538 20
581 1494 781 1539 ὑλακτούσης
804 1509 878 1540 σου,
893 1494 1002 1544 φησὶν,
1023 1495 1058 1530 οὔ
1078 1493 1252 1543 φροντίζω,
1270 1486 1297 1528 ὦ
1314 1490 1402 1528 κύον.
1420 1488 1539 1539 πυροὺς

582 1548 616 1586 δὲ
634 1549 755 1594 σίτους,
772 1548 856 1585 ὥστε
874 1549 988 1599 ἄρτους
1007 1551 1151 1593 ποιῆσαι.
1170 1546 1242 1583 ἐπεὶ
1259 1544 1461 1596 ἀρτόπωλις.)

632 1615 706 1640 1407.
737 1603 826 1654 (πρὸς
841 1603 914 1644 τοὺς
928 1602 1145 1653 ἀγορανόμους
1161 1614 1170 1638 :
1183 1604 1214 1639 Τ
1215 1600 1268 1642 οὺς
1286 1603 1539 1640 ἐπισκοποῦντας

582 1656 623 1694 τὰ
650 1661 708 1702 τῆς
731 1657 854 1699 πόλεως
881 1656 981 1705 ὤνια,
1000 1656 1055 1693 καὶ
1083 1657 1281 1697 διοικοῦντας
1308 1652 1407 1698 αὐτὰ,
1437 1656 1479 1695 ὡς
1507 1655 1539 1689 ἐν

583 1712 788 1762 Ἀχαρνεῦσιν
806 1713 907 1760 [728].)
926 1734 964 1739 —
980 1710 1052 1752 τοὺς
1066 1713 1128 1747 τῶν
1142 1710 1244 1746 ὠνίων
1261 1707 1455 1758 προστάτας.
1473 1715 1513 1745 V.

636 1778 707 1804 1408.
734 1766 893 1815 (κλητῆρα
913 1778 921 1802 :
943 1765 1117 1815 Μάρτυρα.
1134 1763 1279 1800 τουτέστι
1296 1761 1350 1798 τὸν
1368 1763 1413 1803 εἷς
1426 1760 1464 1796 τὸ
1488 1760 1539 1796 δι-

582 1819 754 1869 καστήριον
776 1820 936 1855 καλοῦντα
963 1819 1136 1868 ὑπηρέτην.
1166 1819 1380 1867 Χαιρεφῶντα
1409 1813 1443 1851 δὲ
1472 1813 1538 1862 τὸν)

582 1873 709 1915 πύξινον
735 1872 927 1923 Σωκράτους
947 1873 1072 1922 ἑταῖρον
1092 1871 1155 1920 (τὸν
1174 1870 1346 1922 φιλόσοφόν
1363 1883 1453 1920 φησι.
1470 1867 1538 1905 πά-

582 1929 632 1963 λιν
656 1927 683 1962 ὃ’
702 1926 798 1963 αὐτὸν
815 1928 859 1968 εἰς
876 1925 1049 1976 ὠχρότητα
1068 1925 1252 1962 διαὸάλλων
1273 1923 1395 1972 εἰσάγει
1418 1936 1541 1972 μαρτυ-

584 1985 698 2031 ροῦντα
712 1984 752 2030 τῇ
768 1980 986 2031 ἀρτοπώλιδι.)

634 2047 708 2072 1410.
736 2033 922 2085 Ἑρμιονεὺς
941 2033 1112 2082 μελοποιὸς
1136 2036 1254 2075 Λᾶσος.
1278 2040 1317 2069 V.
1333 2028 1504 2080 μελοποιὸς
1524 2032 1542 2066 ὁ

585 2092 703 2130 Λᾶσος.
721 2096 744 2124 R

635 2156 706 2179 1411.
733 2144 804 2179 ἀντὶ
821 2146 876 2179 τοῦ
891 2142 981 2178 οὐδέν
996 2156 1050 2191 μοι
1067 2142 1156 2190 μέλει
1174 2144 1230 2178 τοῦ
1245 2142 1436 2190 Σιμωνίδου.
1454 2150 1492 2179 V.

636 2210 708 2234 1413.
734 2196 771 2233 ’ίντ
787 2193 810 2247 ᾖ
833 2198 942 2247 ὠχρᾷ,
956 2200 999 2238 ὣς
1013 2198 1042 2233 οἱ
1058 2196 1251 2245 κεχρημένοι
1269 2196 1372 2247 θάψῳ.
1388 2197 1539 2245 εἰσήγαγε

585 2251 618 2288 δὲ
641 2251 817 2301 Εὐριπίδης
833 2250 891 2295 τὴν
915 2250 987 2288 Ἰνὼ
1011 2250 1121 2300 ὠχρὰν
1147 2250 1210 2286 ὑπὸ
1229 2254 1287 2294 τῆς
1312 2251 1539 2293 κακοπαθείας.

538 2324 570 2349 26
587 2305 643 2342 καὶ
659 2307 676 2341 6
691 2307 861 2355 Χαιρεφῶν
880 2304 914 2341 δὲ
933 2309 1075 2346 τοιοῦτος
1093 2304 1190 2346 ἄλλος
1204 2304 1288 2341 ἔοικε
1306 2305 1419 2356 θαψίᾳ.
1436 2304 1541 2354 ὠχρὸς

584 2359 646 2410 γὰρ
661 2362 678 2395 6
692 2361 862 2410 Χαιρεφῶν
885 2359 940 2395 καὶ
956 2363 976 2404 ἡ
996 2358 1093 2409 θάψος
1105 2358 1251 2403 τοιαύτη.
1271 2358 1356 2395 ἀλλὰ
1375 2358 1431 2395 καὶ
1450 2359 1542 2409 παρὰ

584 2414 621 2450 τὸ
644 2415 821 2450 θάπτεσθαι
838 2415 945 2454 καλῶς
965 2412 1154 2449 πέπαικται.
1178 2416 1212 2443 V·
1231 2413 1366 2463 [θαψίνῃ
1391 2425 1400 2450 2
1426 2413 1541 2464 Ὠχρᾷ.

584 2468 717 2513 τοιαύτη
732 2468 794 2517 γὰρ
814 2471 835 2512 ἡ
857 2468 976 2517 θάψος,
991 2467 1070 2517 ὅπερ
1084 2467 1162 2517 παρ’
1180 2468 1259 2515 ἡμῖν
1273 2466 1470 2518 χρυσόξυλον
1487 2467 1541 2504 λέ-

584 2537 684 2570 γεται.
702 2522 875 2572 Θεόκριτος
890 2527 934 2566 [2,
949 2526 993 2565 88]

533 978 563 1002 10

535 1780 566 1806 2⁶

535 2048 567 2073 ³0

535 2616 569 2641 40
698 2609 747 2638 καί
760 2618 813 2647 μευ
821 2609 897 2648 χρὼς
906 2609 957 2647 μὲν
966 2609 1064 2647 ὁμοῖος
1078 2607 1187 2647 ἐγίνετο
1198 2608 1320 2639 πολλάκι
1335 2609 1428 2648 θαψῷ.

584 2682 675 2731 παρὰ
691 2683 719 2718 δ’
742 2684 900 2732 Εὐριπίδῃ
927 2683 1108 2733 γέγραπται
1131 2686 1152 2727 ἡ
1180 2683 1253 2721 Ἰνὼ
1273 2684 1464 2733 κρεμαμένη
1487 2686 1542 2721 καὶ

584 2735 678 2786 ὠχρὰ
691 2736 754 2772 ὑπὸ
770 2739 828 2780 τῆς
844 2737 1073 2777 κακοπαθείας.
1089 2738 1268 2773 πέπαικται
1282 2736 1316 2773 δὲ
1330 2738 1439 2780 καλῶς
1452 2738 1542 2789 παρὰ

584 2790 621 2826 τὸ
642 2789 848 2840 θάπτεσθαι]

636 2856 710 2881 1414.
738 2844 885 2880 ἀντὶιτοῦ
901 2843 963 2881 ὑπὸ
980 2844 1158 2894 Εὐριπίδου
1179 2845 1215 2881 ἐκ
1234 2846 1298 2880 τῶν
1311 2845 1418 2881 ποδῶν
1433 2848 1454 2889 ἡ
1471 2844 1543 2882 Ἰνὼ

539 2915 567 2939 ιη
584 2897 755 2948 κρέμαται.
772 2905 807 2933 R.
820 2905 859 2933 v.

636 2964 708 2989 1417.
734 2951 818 3000 ὤμοι
837 2952 1045 2999 κακοδαίμων
1073 2965 1082 2990 2
1114 2951 1360 3002 (παραγίνεταί)
1387 2967 1434 2994 τις
1460 2952 1542 3003 ἀνὴρ

588 3006 765 3058 Εὐριπίδης
781 3006 1035 3054 (ὠνομασμένος,
1046 3007 1235 3055 κατηγορῶν
1248 3009 1306 3041 τοῦ
1320 3006 1543 3048 Φιλοκλέωνος

586 3060 723 3111 ὔὸρεως,
738 3061 795 3098 καὶ
807 3061 985 3112 κατήγορον
1003 3061 1222 3109 ἐπαγόμενος).

638 3127 711 3152 1429.
740 3118 787 3164 (οὗ
806 3116 922 3166 τρίὸικν
950 3128 959 3153 :
984 3116 1056 3153 Οὖκ
1079 3115 1240 3164 ἔμπειρος.
1264 3114 1320 3151 καὶ
1335 3116 1367 3152 ἐν
1382 3114 1542 3165 Νεφέλαις

539 3185 571 3210 ιο
587 3174 661 3215 [³⁶⁹]

737 3258 787 3288 καὶ
798 3261 855 3289 τῶν
863 3258 1026 3298 κρεμαθρῶν
1038 3258 1073 3288 οὐ
1083 3257 1187 3297 τρὶὅων
1200 3259 1257 3286 τῶν
1269 3256 1387 3295 ἐνθάδε.)

1636 798 1710 823 1434.
1739 786 1773 835 (ἃ
1794 786 1820 822 ’ν
1841 800 1850 824 z
1870 786 1920 824 Τὸ
1936 787 2057 830 ἐντελὲς
2072 788 2093 824 ἃ
2111 788 2174 836 ἄν.)

1636 852 1709 877 1433.
1735 840 1864 883 κατέαξ’
1893 841 1997 890 ἐχῖνον
2029 855 2038 879 :
2067 842 2196 892 Χύτροις
2214 838 2295 885 εἶδος
2323 846 2340 879 6
2371 845 2485 893 ἐχῖνος.
2505 857 2541 885 v.

1559 904 1562 915 ¹
1587 893 1702 944 [ἄγγος
1719 909 1751 931 τι
1772 897 1926 944 χαλκοῦν,
1944 895 1965 939 ἢ
1983 896 2039 931 καὶ
2062 898 2099 932 ἐκ
2116 898 2277 947 κεράμου,
2299 900 2343 939 εἷς
2360 897 2376 934 ὃ
2395 901 2543 934 καθιᾶσιν

1587 951 1615 984 οἱ
1632 950 1794 993 διαιτηταὶ
1815 949 1855 984 τὰ
1878 953 2088 1000 γραμματεῖα
2112 954 2175 987 τῶν
2202 955 2397 1002 μαρτυριῶν,
2417 953 2437 989 ἅ
2463 968 2544 994 τινες
2564 971 2588 994 ι(

1587 1002 1828 1053 ἐμαρτύρησαν,
1851 1004 1908 1040 καὶ
1936 1005 2247 1054 κατασημηνάμενοι
2269 1006 2352 1054 μετὰ
2375 1011 2496 1052 ταῦτα,
2519 1010 2546 1043 εἷ

1588 1057 1758 1106 ἐγκληθείη
1778 1061 1799 1101 ἡ
1820 1057 1944 1103 δίαιτα,
1965 1061 2030 1100 τοῖς
2052 1060 2219 1101 δικασταῖς
2239 1061 2412 1097 ἐπεδίδουν.
2437 1065 2492 1097 τοῦ
2519 1062 2547 1097 δ’

1589 1112 1705 1161 ἄγγους
1718 1111 1831 1148 τούτου
1845 1112 1902 1148 καὶ
1919 1113 2126 1160 Δημοσθένης
2143 1113 2377 1162 μνημονεύουσι
2394 1116 2449 1151 καὶ
2466 1116 2547 1165 ’Δρι-

1589 1165 1750 1211 στοτέλης.
1769 1165 1839 1202 ἔστι
1855 1166 1890 1203 δέ
1903 1180 1935 1203 τι
1951 1168 2006 1203 καὶ
2033 1169 2113 1216 ζῷον
2129 1174 2281 1218 χερσαῖον
2300 1169 2355 1205 καὶ
2376 1170 2547 1206 θαλάττιον

1589 1221 1731 1271 ὄστρεον.
1752 1220 1808 1257 καὶ
1824 1220 1883 1269 μὲν
1901 1220 1941 1265 δὴ
1959 1221 2013 1257 καὶ
2029 1224 2050 1267 ἡ
2068 1223 2195 1272 γαστὴρ
2212 1227 2266 1259 τοῦ
2285 1223 2386 1273 βοός]
2568 1240 2588 1263 ιι

1640 1288 1713 1313 1433.
1739 1275 1792 1311 ναὶ
1807 1274 1866 1311 τὰν
1885 1276 1994 1326 Κόραν
2013 1288 2023 1313 2
2043 1275 2125 1322 (Τὴν
2140 1276 2369 1327 Περσεφόνην.)
2386 1277 2549 1326 [τουτέστι

1589 1330 1643 1367 τὸν
1661 1329 1767 1380 κόρον,
1783 1329 1843 1375 τὴν
1867 1330 1946 1381 πρὸς
1967 1330 2003 1366 τὸ
2024 1330 2196 1382 τρέφεσθαι
2225 1331 2322 1382 μέχρι
2339 1332 2434 1382 κόρου
2453 1331 2545 1376 ὕλην.

1589 1390 1656 1426 τοῖς
1672 1384 1706 1421 δὲ
1728 1384 1802 1434 περὶ
1822 1385 1976 1423 Σικελίαν
2003 1384 2040 1421 τὸ
2064 1385 2150 1421 κατὰ
2169 1385 2278 1435 Κόρης
2298 1385 2425 1434 ὀμνύειν
2446 1388 2550 1437 ἐνεφι-

1589 1439 1738 1489 λοχώρει.
1757 1441 1898 1476 ἐντεῦθεν
1914 1439 1976 1489 γὰρ
2002 1441 2019 1475 6
2034 1437 2139 1492 ’ᾼδης
2153 1439 2259 1483 αὐτὴν·
2272 1440 2418 1490 ἁρπάσαι
2436 1440 2552 1489 μυθεύ-

1591 1507 1680 1538 εται,
1693 1495 1737 1535 ὡς
1750 1495 1779 1530 οἱ
1796 1493 1837 1529 τὰ
1852 1492 1987 1530 τοιαῦτά
2004 1508 2041 1541 γε
2063 1494 2286 1544 ἀλληγορῆσαι
2300 1495 2412 1539 δεινοὶ,
2429 1495 2482 1531 διὰ
2496 1495 2551 1531 τὸν
2569 1509 2588 1532 2.

1590 1547 1755 1597 γινόμενον
1778 1547 1832 1583 ἐπὶ
1854 1546 1968 1597 χρόνον
1990 1546 2063 1583 τινὰ
2083 1550 2148 1583 τῶν
2170 1548 2367 1598 σπερμάτων
2388 1549 2471 1584 κατὰ
2493 1553 2552 1598 γῆς

1592 1601 1806 1653 ἀφανισμόν]
1824 1601 1949 1652 δωρίζει
1978 1600 2012 1638 δὲ
2039 1601 2197 1646 ἐπίτηδες.
2223 1601 2413 1651 [ἐπίδεσμον
2440 1604 2472 1638 δὲ
2496 1603 2551 1638 τὸν

1591 1656 1646 1694 ἰπὶ
1661 1659 1702 1706 τῇ
1717 1657 1827 1705 πληγῇ
1844 1655 1991 1706 δεσμόν]

1645 1723 1716 1747 1440.
1744 1710 1811 1758 (καὶ
1827 1710 1878 1758 τὰ)
1898 1709 1978 1755 ἕλκη
1996 1710 2164 1755 ἐπέδησας.
2183 1718 2215 1746 R.
2233 1718 2270 1746 V.

1644 1777 1716 1802 1⁴45.
1745 1765 1914 1815 (κλητῆρες
1928 1763 2128 1815 ἐπιλείψουσι
2149 1778 2157 1802 :
2179 1764 2402 1815 Ἐπιλείψουσι
2425 1765 2552 1815 μάρτυ-
2570 1776 2585 1799 2

1594 1833 1645 1868 ρες
1658 1818 1732 1861 τοὺς
1747 1820 2027 1870 κατηγοροῦντας.)

1643 1885 1716 1910 lue·
1745 1872 1898 1911 Αἴσωπον
1929 1876 1963 1911 οἱ4
1993 1873 2113 1924 Δελφοί
2137 1886 2146 1911 :
2181 1873 2235 1922 (Ὁ
2259 1872 2317 1921 μὲν
2343 1874 2551 1910 Βδελυκλέων

1594 1927 1753 1979 ἀράμενος
1768 1928 1822 1963 τὸν
1843 1928 1970 1978 πατέρα
1991 1929 2099 1965 αὐτοῦ
2114 1927 2327 1965 Φιλοκλέωνα
2337 1956 2346 1972 ,
2362 1928 2439 1963 εἴσω
2456 1928 2552 1976 κομί-
2565 1928 2573 1934 “

1595 1984 1651 2025 ζει.
1666 1985 1684 2019 6
1708 1982 1742 2019 δὲ
1759 1982 1932 2033 φερόμενος
1947 1982 2084 2019 πλάττει
2105 1986 2214 2031 μῦθον.
2235 1984 2393 2031 διηγεῖται
2411 1982 2472 2032 γὰρ
2498 1981 2552 2018 τὸν

1594 2038 1667 2088 περὶ
1689 2037 1844 2075 Αἰσώπου
1862 2036 1986 2087 λόγον)
2004 2038 2038 2074 ὅν
2059 2052 2156 2088 φασιν
2178 2037 2309 2074 ἐλθόντα
2330 2037 2408 2073 ποτὲ
2425 2038 2468 2078 εἷς
2482 2035 2554 2077 τοὺς
2571 2051 2588 2074 a

1595 2091 1737 2142 Δελφοὺς
1766 2093 1961 2142 &mamm
1987 2091 2118 2136 αὐτοὺς,
2136 2091 2185 2127 ὅτι
2213 2093 2258 2139 μὴ
2283 2090 2385 2140 ἔχοιεν
2412 2094 2483 2140 γῆν,
2500 2091 2554 2140 ἀφ’

1594 2141 1632 2190 ἧς
1652 2144 1859 2195 ἐργαζόμενοι
1885 2145 2119 2196 διατρέφοιντο,
2147 2144 2231 2181 ἀλλὰ
2263 2145 2460 2195 περιμένοιεν
2490 2145 2553 2181 ἀπὸ

1594 2201 1658 2235 τῶν
1672 2202 1743 2235 θεοῦ
1762 2199 1913 2247 θυμάτων
1928 2201 2049 2243 διαζῆν.
2070 2201 2099 2235 οἳ
2118 2200 2151 2234 δὲ
2168 2199 2287 2248 Δελφοὶ
2311 2199 2552 2247 χαλεπήναντες

1594 2252 1713 2302 φιάλην
1729 2252 1820 2302 ἱερὰν
1837 2259 1904 2294 τοῖς
1928 2251 2082 2290 Αἰσώπου
2105 2252 2250 2288 σκεύεσιν
2269 2252 2440 2288 {andenam
2458 2255 2474 2288 6
2493 2254 2551 2299 μὲν

1595 2305 1634 2350 δὴ
1648 2307 1706 2343 οὐκ
1730 2305 1822 2348 εἰδὼς
1835 2306 1896 2351 τὴν
1914 2309 1946 2348 ἐς
1966 2306 2104 2344 Φωκίδα
2122 2305 2282 2356 φέρουσαν
2299 2304 2450 2356 ὥρμησεν
2469 2306 2550 2342 ὁδόν.
2571 2323 2584 2345 3

1594 2362 1624 2397 οἱ
1641 2360 1668 2397 δ’
1686 2359 1937 2410 ἐπιδραμόντες,
1950 2359 2006 2397 καὶ
2024 2359 2248 2411 φωράσαντες,
2263 2360 2441 2408 ἱεροσυλίας
2456 2362 2553 2396 αὑτοῦ

1594 2415 1802 2465 κατηγόρουν.
1818 2416 1836 2450 6
1850 2415 1877 2450 δ’
1895 2414 1950 2451 ἐπὶ
1970 2413 2092 2464 πέτραν
2109 2416 2145 2450 οὐ
2163 2413 2248 2450 πάνυ
2263 2414 2374 2465 πόρρω
2391 2418 2448 2450 τοῦ
2466 2417 2551 2463 ἱεροῦ

1595 2469 1651 2506 καὶ
1668 2472 1726 2515 τῆς
1747 2469 1870 2510 πόλεως
1891 2468 2062 2518 ἀγόμενος,
2078 2468 2132 2517 ἀφ’
2148 2464 2186 2512 ἧς
2201 2468 2335 2515 νόμιμον
2362 2464 2400 2513 ἧν
2420 2468 2491 2510 τοὺς
2505 2471 2553 2504 ἱε-

1597 2523 1746 2575 ροσύλους
1773 2526 1971 2575 ῥιπτεῖσθαι,
1993 2522 2048 2559 τὸν
2079 2523 2155 2573 περὶ
2180 2526 2237 2559 τοῦ
2269 2523 2428 2572 κανθάρου
2458 2526 2554 2570 μῦθον

1596 2582 1704 2621 αὐτοῖς
1721 2578 1915 2628 διηγήσατο·
1935 2572 1972 2614 οὗ
1985 2592 2022 2626 γε
2036 2577 2092 2614 καὶ
2110 2579 2143 2614 ἐν
2160 2577 2284 2627 Εἰρήνῃ
2300 2583 2375 2624 [129]
2392 2577 2552 2624 μέμνηται
2572 2595 2584 2618 4

1597 2633 1650 2671 διὰ
1667 2633 1787 2671 τούτων
1807 2636 1824 2670 6
1840 2632 1976 2679 ποιητὴς

1689 2726 1719 2756 ἐν
1729 2729 1820 2756 τοῖσιν
1833 2725 1972 2756 Αἰσιῖηεου
1985 2725 2079 2763 λόγοις
2093 2725 2222 2764 ἐξηυρέθη

1689 2769 1774 2808 μόνος
1786 2772 1923 2799 πετεινῶν
1934 2769 1973 2803 εἰς
1988 2769 2066 2803 θεοὺς
2079 2768 2240 2807 ἀφιγμένος.

1594 2843 1662 2880 ἐκεῖ
1677 2842 1712 2879 δὲ
1728 2842 1771 2879 τὰ
1789 2842 1897 2879 εἰκότα
1911 2842 2115 2891 λεχθήσεται.

1645 2909 1719 2934 1449.
1745 2899 1789 2937 ὡς
1803 2895 1958 2946 κάνθαρος
1975 2897 2110 2940 ἀνῆλθεν
2127 2898 2170 2937 ὡς
2185 2895 2241 2932 καὶ
2259 2897 2292 2931 ἐν
2308 2895 2444 2946 Εἰρήνῃ.
2465 2903 2500 2931 R.
2569 2913 2588 2936 ⁴⁴

1645 2963 1718 2988 1441.
1745 2951 1850 3001 [ζηλῶ
1868 2965 1904 2987 σε
1922 2953 1978 2994 τῆς
1991 2949 2140 2999 εὐτυχίας
2160 2963 2169 2987 :
2189 2949 2243 2987 Τὰ
2260 2954 2393 2986 τοιαῦτα
2408 2950 2476 2993 εἴδη
2492 2965 2551 2985 κα-

1593 3006 1697 3041 λεῖται
1713 3003 1798 3041 κατὰ
1816 3004 1942 3054 σχέσιν.
1962 3003 2030 3040 ἔστι
2046 3007 2122 3051 γοῦν
2140 3007 2161 3048 ἡ
2179 3007 2327 3053 παροῦσα
2345 3004 2465 3054 στροφὴ
2483 3004 2551 3040 κώ-

1592 3060 1658 3095 λων
1668 3059 1890 3108 χοριαμὸικῶν
1904 3057 2164 3106 ἐπιμεμιγμένων
2178 3058 2347 3108 ἐπιτρίτοις
2359 3058 2551 3108 διτροχαίοις

1593 3112 1752 3161 διιάμὸοις
1775 3111 1980 3153 δισπονδείοις
1999 3113 2134 3153 ἷωνικοῖς
2155 3111 2210 3147 καὶ
2233 3111 2352 3148 παίωσι
2377 3112 2433 3149 ιδ’.
2458 3112 2513 3147 καὶ
2527 3115 2547 3155 ἠ

1594 3166 1785 3218 άντιστροφὴ
1797 3160 2021 3210 τοσούτων,“ιῗιν
2032 3165 2068 3201 τὸ
2081 3167 2139 3213 μὲν
2154 3165 2298 3215 δεύτερον
2310 3166 2546 3210 καταληκτικὸν
2567 3187 2588 3210 5«

1578 3222 1663 3267 ’ἤτοι
1681 3220 1912 3272 ἑφθημιμερὲς,
1926 3219 1967 3256 τὰ
1985 3219 2019 3256 δὲ
2037 3219 2134 3256 λοιπὰ
2147 3220 2253 3256 πάντα
2269 3220 2402 3268 δίμετρα
2421 3220 2546 3255 ἀκατά-

1591 3279 1715 3323 ληκτα,
1734 3275 1775 3313 τὰ
1796 3275 1853 3324 μὲν
1874 3274 2150 3326 τετρασυλλάὸους
2173 3275 2288 3324 ἔχοντα
2311 3275 2427 3319 πόδας,
2448 3275 2486 3309 τὰ
2511 3273 2544 3309 δὲ

640 3345 716 3372 ι431.·
738 3332 821 3384 ἕρδρι
839 3333 886 3375 τίς
909 3345 918 3369 :
942 3332 1139 3381 (ἽΞκαστος,
1155 3331 1262 3382 φησὶν,
1281 3331 1321 3376 ἣν
1339 3326 1403 3378 οἶδε
1423 3334 1541 3384 τέχνην
1592 3330 1881 3371 πεντασυλλάὸους.
1897 3328 2086 3380 ,διαλύονται
2106 3328 2168 3379 γὰρ
2185 3332 2218 3365 αἱ
2242 3329 2364 3380 μακραὶ
2384 3327 2544 3365 συλλαὸαὶ
