2931 4012
556 450 627 484 ⁴80

557 525 641 561 citat
655 521 818 559 Dindorl'.
830 548 841 569 ,
860 521 924 569 qui
952 521 997 563 54
1026 519 1183 557 correxit
1200 518 1297 567 quod
1311 516 1497 565 legebatur

555 577 637 616 πολὺ
653 580 722 622 τῆς,
742 589 785 612 ex
798 575 906 613 suida
921 589 949 612 s.
966 574 1124 625 Λέπρεον,
1146 574 1209 622 qui
1224 575 1283 617 τῆς
1295 570 1498 615 Πελοποννή-

556 648 613 671 σου
634 632 778 669 omittit.
800 659 840 667 ..
863 644 876 666 1
909 630 986 667 αὐτὸ
1017 634 1060 665 V.
1087 629 1167 666 Ald.
1194 629 1315 677 λεπρᾶν
1345 625 1497 674 conjecit

554 687 717 735 Toupius
728 685 773 721 ad
787 685 947 729 Suidam,
963 685 1026 733 qui
1045 690 1064 726 4
1082 691 1164 732 post
1174 683 1330 732 λεπριῶσι
1343 693 1497 728 sequen-

556 742 606 778 tia
619 741 762 776 omittit.

611 795 673 831 151
688 821 699 839 ,
726 800 767 837 14
790 807 842 842 sq.
857 794 987 831 suidas
1004 806 1030 830 s,
1049 792 1301 838 Βδελύττεσθαι,
1323 785 1413 830 οὗτος
1429 783 1497 838 εἶχε

557 848 690 900 λέπραν.
706 849 913 899 ἐκωμῳδεῖτο
933 847 968 884 δὲ
985 847 1041 884 καὶ
1051 846 1295 899 κακοπράγμων
1309 845 1363 882 καὶ
1377 844 1499 894 ὀψοφά-

555 919 612 953 γος
623 903 679 941 καὶ
693 903 800 945 λάλος.
814 931 854 940 ...
873 903 916 939 15
940 904 1079 944 Σκευαῖς
1096 905 1255 940 Piersou.
1276 901 1320 937 ad
1341 904 1438 937 Moer.
1464 913 1497 948 p.

562 971 643 997 122.
665 958 865 1006 Legebatur
881 957 1033 998 Σκύθαις.
1047 986 1086 994 ...
1107 971 1148 1002 17
1166 959 1237 998 πῶς
1255 950 1319 1006 ἆρα
1335 955 1497 992 Dindors.

558 1023 595 1051 et
611 1014 762 1049 Meinek.
781 1015 883 1049 Com.
904 1014 940 1055 1,
965 1025 1001 1060 p.
1031 1012 1112 1059 739.
1133 1010 1315 1049 Μελανθίου
1335 1009 1498 1046 Dindorf.

559 1067 757 1116 Legebantur
783 1064 992 1107 Μελανθίους.
1021 1086 1064 1093 -
1103 1067 1145 1102 18
1172 1066 1317 1102 alterius
1341 1076 1501 1112 personae

559 1122 678 1159 verba.
696 1141 746 1149 —
770 1134 812 1167 ¹9
828 1113 898 1169 εἶχε
916 1119 951 1155 δὲ
967 1123 1011 1156 V.
1026 1120 1110 1156 ΑΜ.

613 1190 624 1212 1
636 1178 694 1222 52,
713 1189 733 1212 α
743 1190 756 1212 1
776 1174 964 1213 Ὀπούντιοι
974 1173 1068 1211 τόποι
1079 1177 1122 1210 R.

612 1232 691 1275 153,
710 1232 754 1268 25
772 1229 973 1279 συκοφάντης
991 1242 1062 1266 0111.
1080 1229 1157 1265 Ald.
1177 1229 1315 1278 πονηρὸς
1333 1227 1457 1264 Suidas
1473 1239 1501 1262 s.

559 1284 756 1326 Ὀπούντιος.
787 1284 943 1328 ὀπούνιης
967 1283 1106 1333 πονηρὸς
1134 1287 1176 1320 V.
1209 1282 1341 1332 ὀκνηρὸς
1364 1281 1442 1318 Ald.
1461 1284 1503 1317 R.

560 1341 666 1377 habet
684 1341 836 1388 glossam
855 1339 954 1386 ἤγουν
970 1338 1098 1388 τυφλός.

612 1396 702 1439 156,
723 1408 768 1441 ²9
789 1393 913 1443 εὗύφων
931 1393 1057 1430 Suidas
1075 1406 1100 1429 s.
1121 1392 1241 1443 Τριὸή.
1259 1393 1361 1429 Cous.
1382 1398 1503 1428 annot.

560 1449 604 1485 ad
623 1450 735 1497 Soph.
756 1448 885 1485 Trach.
904 1450 987 1484 602.
1005 1450 1118 1484 Dum.
1136 1467 1184 1475 —
1202 1449 1249 1484 30
1271 1448 1313 1487 εἰς
1332 1445 1503 1497 συντριὸὴν

561 1502 618 1539 καὶ
629 1506 672 1540 V.

615 1571 629 1593 1
639 1559 681 1594 57
700 1556 785 1594 Ἀντὶ
797 1559 853 1593 τοῦ
872 1556 945 1593 ἄνευ
963 1569 1033 1592 0111.
1046 1560 1088 1593 R.

615 1612 702 1658 158,
725 1612 768 1655 37
788 1610 1011 1654 κιὸδηλεύεται
1027 1614 1085 1655 R„
1100 1611 1161 1657 qui
1180 1623 1277 1659 seqq.
1300 1611 1452 1655 omittit,
1472 1619 1507 1645 et

563 1666 689 1703 Suidas
707 1678 734 1702 s.
753 1664 926 1708 Κιὸδηλία,
946 1664 1008 1700 ὑπὸ
1027 1664 1116 1702 Χίων
1139 1666 1293 1713 positum
1311 1678 1356 1701 ex
1372 1665 1508 1701 scholio

565 1721 742 1768 proximo,
755 1731 910 1767 quocum
920 1719 1013 1754 cons.
1029 1722 1143 1766 Etym.
1153 1723 1200 1755 M.
1212 1732 1247 1767 p.
1260 1720 1280 1754 5
1289 1732 1342 1763 12,
1362 1722 1419 1764 43,
1431 1720 1510 1756 Sui-

563 1775 645 1810 dam
664 1787 692 1810 s.
712 1773 877 1817 Κίὸδηλον
896 1781 932 1809 et
956 1786 1062 1821 quem
1073 1773 1278 1810 Gaisfordus
1293 1775 1389 1818 citat,
1399 1774 1508 1810 schol.

563 1830 713 1876 Gregor.
731 1830 814 1864 NaZ.
833 1828 945 1864 stelit.
975 1841 1005 1872 1,
1028 1840 1062 1875 p.
1083 1841 1116 1872 7.
1141 1826 1271 1869 ὓποκιὸς
1284 1832 1326 1865 V.
1344 1828 1424 1864 Ald.
1448 1827 1510 1864 ὑπὸ

567 1883 655 1924 Kios<
677 1880 846 1932 δεδομένον
870 1882 1013 1926 suidas,
1039 1883 1101 1930 qui
1125 1883 1273 1919 sortasse
1293 1882 1509 1930 δεδολωμένον

565 1938 690 1974 voluit.
707 1940 817 1974 Dum.
832 1957 879 1965 ——
899 1938 1016 1979 38-46
1030 1950 1101 1973 om.
1120 1937 1224 1973 etiam
1243 1938 1380 1974 Suidas.
1406 1966 1446 1974 ..
1464 1939 1509 1981 46

565 1992 663 2028 addit
683 1992 765 2029 Ald.
790 1989 904 2042 μήκων
925 1989 959 2026 δὲ
977 1990 1078 2039 ὄνομα
1097 1994 1195 2041 φυτοῦ
1213 1989 1234 2035 ἢ
1254 1991 1437 2042 σπέρματος
1452 1992 1511 2028 ούκ

566 2044 697 2090 ἄδηλον.
716 2044 786 2082 ἔστι
810 2044 844 2081 δὲ
863 2044 918 2081 καὶ
942 2044 1037 2095 μέρος
1054 2060 1086 2081 τι
1103 2047 1167 2081 τῶν
1188 2046 1357 2082 ἐντοσθίων
1374 2050 1431 2082 τοῦ
1448 2060 1510 2082 πυ-

566 2099 701 2140 λύποδος
714 2104 769 2136 τοῦ
788 2099 907 2149 ἰχθύος,
923 2098 956 2140 ὃς
976 2105 1080 2136 κεῖται
1095 2101 1203 2136 ἐπάνω
1215 2103 1273 2144 τῆς
1283 2101 1405 2141 κοιλίας
1416 2101 1512 2137 οἱονεὶ

567 2153 677 2195 κύστις
688 2156 721 2191 ἐν
740 2156 838 2203 ἑαυτῇ
854 2154 976 2204 ἔχουσα
992 2154 1047 2190 τὸν
1064 2153 1168 2201 θόλον,
1183 2153 1226 2196 ὥς
1243 2169 1340 2205 φησιν
1361 2155 1512 2197 Αἶλιανὸς

568 2210 601 2244 ἐν
625 2213 692 2249 τοῖς
713 2207 787 2257 περὶ
811 2208 913 2249 ζώων.
936 2213 1025 2254 Quae
1044 2209 1174 2245 inserta
1196 2217 1277 2245 sunt
1297 2222 1342 2245 ex
1360 2209 1467 2246 Suida
1484 2222 1511 2246 s.

569 2261 706 2305 Μήκων.

626 2316 703 2359 160,
722 2317 767 2357 48
784 2314 856 2351 τινὰ
869 2328 937 2351 0111.
954 2320 996 2352 V.
1014 2345 1052 2353 ..
1075 2324 1120 2364 49
1139 2316 1308 2367 στέφονται
1322 2321 1365 2353 R.
1380 2318 1514 2367 ἐστεφα-

571 2374 680 2407 νοῦντο
697 2371 777 2407 ΑΙιΙ.

625 2427 692 2462 162
708 2425 763 2462 καὶ
779 2425 997 2474 Θαυμαστικὸν
1015 2438 1085 2461 om.
1100 2429 1142 2461 V.

626 2481 704 2525 167,
718 2495 740 2528 9
754 2480 936 2521 σκωπτικὸς
951 2484 992 2517 R.
1019 2489 1054 2517 et
1072 2480 1198 2516 Suidas
1215 2493 1243 2515 s.
1265 2479 1399 2522 Τελέας.
1425 2495 1513 2517 σκω-

572 2536 683 2575 πτῑλος
695 2539 735 2572 V.
747 2536 823 2571 Ald.
838 2534 926 2583 λέγει
940 2529 993 2570 οὗν
1009 2533 1059 2570 ὅτι
1071 2535 1153 2582 (hoc
1164 2547 1234 2570 om.
1246 2535 1303 2582 V.)
1316 2534 1369 2570 ἐὰν
1381 2538 1421 2571 V.
1438 2534 1515 2572 Ald.

573 2618 610 2625 ....
632 2602 669 2624 11
694 2588 728 2624 δὲ
749 2602 817 2625 om.
841 2593 884 2625 R.
903 2588 1112 2625 διαὸάλλεται
1133 2589 1213 2625 Ald.
1228 2616 1266 2624 -
1289 2591 1330 2624 13
1354 2587 1391 2624 τὸ
1409 2588 1516 2625 Τελέα

574 2646 614 2679 V.
628 2645 675 2691 τῷ
691 2643 798 2693 Τελεάι
810 2646 854 2680 G.

630 2697 708 2741 168,
728 2698 769 2732 16
781 2698 832 2744 γλ.
846 2697 1017 2747 φθέγγεται
1028 2698 1164 2735 suidas.
1177 2725 1218 2734 ..
1237 2710 1279 2746 19
1291 2697 1518 2733 scribendum

574 2750 718 2800 τέτρακι.

632 2804 718 2849 175,
738 2806 783 2840 26
798 2804 918 2851 ‘'ssei-t,
939 2820 981 2851 27
999 2809 1025 2842 εἰ
1042 2808 1095 2843 τὸν
1112 2822 1162 2858 τρ.
1181 2812 1225 2844 R.

631 2872 718 2905 179,
744 2861 788 2894 28
815 2871 866 2906 sq.
895 2860 932 2895 τὸ
950 2861 1180 2909 προειρημένον
1202 2862 1329 2898 suidas
1354 2875 1380 2898 s.
1401 2861 1518 2903 Πόλος.

578 2914 642 2948 τῶν
660 2912 899 2963 προειρημένων
916 2916 955 2949 V.
975 2915 1052 2951 Ald.
1067 2943 1107 2951 .-.
1125 2929 1169 2962 29
1183 2914 1282 2956 τόπος
1301 2917 1439 2953 Suidas.
1463 2917 1519 2953 καὶ

578 2967 675 3008 τόπος
691 2971 735 3003 V.
759 2967 840 3004 Ald.
857 2995 896 3003 ...
916 2968 960 3002 30
984 2967 1017 3003 δὲ
1032 2968 1191 3005 additum
1215 2983 1260 3005 ex
1280 2971 1401 3007 Suida.
1417 2998 1456 3006 -
1474 2974 1518 3008 35

579 3024 623 3064 ὡς
640 3035 709 3058 om.
724 3026 767 3058 V.
780 3029 814 3057 et
833 3022 968 3058 Suidas.

637 3077 698 3111 181
727 3076 974 3126 ὓιρετυμολογεῑν
997 3079 1039 3113 V.
1060 3076 1137 3112 Ald.
1162 3078 1341 3126 Frequens
1364 3080 1400 3114 in
1421 3079 1520 3116 libris

581 3130 725 3178 scriptis
751 3130 954 3179 corruptela
977 3131 1191 3179 ἑτοιμολογεῑν
1215 3144 1281 3180 pro
1304 3134 1519 3182 ἑτυμολογεῑν.

582 3186 673 3225 Hinc
699 3194 820 3222 natum
849 3187 1097 3234 ὓφετυμολογείν
1108 3214 1117 3231 ,
1148 3189 1244 3234 qnod
1272 3190 1519 3237 ὓπετυμολογεῖν

583 3240 755 3286 scriptum
780 3240 989 3287 oportebat,
1014 3249 1051 3275 ut
1069 3241 1191 3276 scribit
1214 3244 1300 3278 Rav.
1328 3245 1439 3277 Dmn.
1461 3243 1520 3286 τὴν

583 3291 675 3328 πόλιν
695 3296 735 3328 V.
750 3294 827 3329 Ald.

639 3347 704 3381 183
723 3341 801 3381 Οἶον
816 3347 906 3390 εἷςτὸ
920 3352 963 3384 R.

639 3401 725 3439 186.
743 3401 787 3443 45
809 3403 888 3451 Εὖχ.
904 3401 968 3453 γὰρ
980 3404 1009 3440 οἱ
1025 3402 1126 3453 ὄρνεις
1139 3404 1342 3454 οἰπάρνοπες
1356 3407 1398 3442 R.
1422 3431 1460 3440 -
1478 3407 1522 3450 46

1247 436 1524 477 ΑΒΝΟΤΑΤῘΟ
1548 434 1598 473 IN
1623 433 1785 473 SCHOL.

1543 514 1868 568 ,ἀκρίδος-κώνωπις
1882 515 1928 549 V.
1940 511 2072 562 λέγουσι
2086 511 2247 549 additum
2259 525 2308 549 ex
2323 517 2369 549 tt.
2403 526 2409 531 ·

1603 572 1683 614 186,
1713 570 1758 611 48
1787 566 1872 604 κατὰ
1895 569 1960 604 τῶν
1983 570 2029 605 Μ.
2056 571 2232 604 Kusterus
2264 567 2314 603 ad
2333 567 2498 604 saidam.

1550 624 1687 668 Μηλίων
1699 624 1902 661 palmerius.
1917 621 2088 666 Μηλιαίων
2105 625 2145 660 V.
2165 622 2260 668 Ald„
2275 635 2351 659 om.
2370 622 2500 659 Suidas

1550 692 1577 715 s.
1597 678 1702 728 Λιμὸς
1717 679 1890 723 Μηλιαῑος.
1906 676 2059 721 Μηλιέων
2075 677 2222 713 Bekker.
2236 677 2396 713 «Melius
2409 677 2502 713 same

1549 734 1595 770 ad
1624 734 1839 770 deditionem
1865 732 2010 768 adactos
2043 744 2118 768 esse
2157 731 2202 767 ab
2235 732 2343 768 Nicia
2375 732 2503 767 asserit

1551 789 1768 825 scholiastes.
1787 787 1856 824 Sed
1869 787 1914 824 de
1927 787 2027 823 Nicia
2044 788 2140 822 nulla
2155 794 2236 834 post
2248 798 2383 835 pacem
2403 786 2503 822 'rhu-

1552 844 1672 891 cydidi
1695 843 1729 889 5,
1752 846 1810 887 32,
1838 842 1992 886 mentio,
2013 854 2127 889 neque
2142 849 2243 877 extra
2267 840 2406 877 urbem
2425 853 2504 877 cum

1551 897 1705 946 imperio
1723 897 1830 934 fuisse
1844 897 1997 932 videtur.
2013 895 2191 931 Diodorus
2202 895 2356 943 quidem
2373 895 2505 931 diserte

1554 952 1667 989 Νικίου
1693 954 1946 1003 στρατηγοῦντος
1977 949 2138 994 Ἀθηναῖοι
2159 943 2245 986 εἶλον
2278 949 2431 1001 Κύθηρα
2452 949 2505 986 καὶ

1553 1007 1706 1052 Νίσαιαν,
1722 1006 1782 1051 τήν
1802 1020 1838 1043 τι
1854 1006 1968 1049 Μῆλον
1984 1004 2257 1055 πολιορκήσαντες
2274 1003 2410 1050 ἡὸηδὸν
2425 1003 2507 1041 ἀπέ-

1554 1062 1696 1114 σφαξαν,
1730 1075 1857 1110 nempe
1882 1061 2111 1098 Athenienses
2132 1074 2140 1096 ι
2159 1073 2232 1097 non
2259 1062 2405 1097 Melum
2430 1061 2507 1109 qui·

1556 1118 1634 1154 dem
1654 1117 1762 1153 ductu
1780 1118 1902 1159 Niciae,
1930 1109 1992 1152 se‘d
2010 1117 2080 1152 alio
2106 1124 2272 1165 tempore
2296 1124 2414 1164 atque
2439 1118 2507 1162 Cy-

1557 1172 1692 1209 theram
1712 1181 1779 1208 etc.
1800 1172 1927 1208 Nescio
1952 1182 2039 1219 ergo
2061 1183 2106 1206 an
2135 1171 2399 1219 reponendum
2417 1170 2508 1219 apud

1556 1227 1666 1263 schol.
1687 1226 1871 1274 Aristoph.
1887 1225 2004 1266 Τισίας
2022 1239 2030 1261 :
2049 1224 2131 1261 vide
2147 1225 2317 1273 Thucyd.
2338 1226 2376 1270 5,
2399 1226 2461 1269 84,
2478 1232 2510 1260 et

1556 1281 1734 1318 Plutarch.
1751 1281 1789 1316 in
1806 1279 1989 1316 Alcibiade
2008 1292 2042 1328 p.
2073 1292 2151 1326 ¹99·
2169 1282 2284 1316 Caute
2298 1279 2442 1316 strabo
2461 1292 2510 1325 10,

1559 1347 1595 1383 p.
1635 1336 1703 1377 484
1724 1347 1733 1369 2
1754 1333 1915 1378 Ἀθηναῖοι
1944 1332 1980 1369 δέ
2008 1347 2086 1369 ποτε
2114 1332 2305 1383 πέμψαντες
2338 1333 2510 1383 στρατείαν

1557 1388 1679 1434 ἡὸηδὸν
1705 1387 1909 1438 κατέσφαξαν
1932 1388 2005 1428 τοὺς
2025 1387 2164 1428 πλείους.
2195 1388 2294 1424 Vide
2319 1389 2510 1437 Aristoph.

1559 1446 1668 1482 schol.
1696 1445 1740 1481 ad
1767 1448 1859 1481 Aves
1887 1445 1977 1489 362,
1995 1443 2057 1479 ubi
2081 1444 2192 1479 Niciae
2214 1447 2374 1479 consiliis
2395 1444 2510 1480 deberi

1559 1500 1651 1536 hanc
1665 1499 1888 1535 deditionem
1905 1499 1964 1534 ait.
1983 1500 2096 1534 wisa.
2113 1499 2157 1534 ad
2181 1498 2356 1545 Thucyd.
2377 1499 2414 1543 5,
2436 1499 2509 1534 116.

1559 1559 1642 1594 Non
1673 1556 1781 1592 video
1807 1554 1991 1602 quomodo
2019 1554 2137 1590 Suidae
2155 1561 2190 1590 et
2206 1554 2418 1590 scholiastae
2434 1554 2510 1590 Ari—

1560 1611 1745 1659 stophanis
1777 1609 1904 1646 Melios
1934 1609 2024 1645 fame
2042 1616 2185 1645 coactos
2209 1621 2251 1645 se
2270 1610 2391 1645 Niciae
2417 1609 2510 1645 dedi-

1562 1666 1654 1701 disse
1677 1663 1916 1700 scribentibus
1931 1671 2053 1699 contra
2072 1663 2238 1699 disertam
2269 1664 2509 1700 narrationem

1562 1719 1783 1766 Thucydidis
1818 1719 1902 1755 lides
1934 1718 2054 1755 haberi
2086 1719 2214 1766 possit.
2246 1719 2399 1755 Duxzn.
2427 1719 2509 1756 ibid.

1563 1775 1770 1812 Scholiastae
1796 1786 1898 1809 error
1928 1774 2074 1809 fortasse
2100 1785 2145 1809 ex
2176 1773 2297 1821 prima
2317 1774 2510 1809 Athenien-

1563 1830 1653 1865 sium
1673 1830 1708 1864 in
1732 1829 1861 1864 Melios
1881 1828 1990 1864 ductu
2006 1828 2117 1864 Niciae
2134 1828 2376 1876 expeditione
2393 1841 2510 1877 proge-

1564 1885 1671 1919 nitus.
1691 1887 1815 1930 Neque
1835 1882 1872 1918 id
1892 1891 2008 1927 recte,
2026 1883 2122 1930 quod
2140 1895 2237 1918 anno
2253 1891 2342 1919 ante
2358 1887 2451 1919 Aves
2471 1882 2509 1918 ab

1564 1939 1803 1986 Aristophane
1829 1938 1865 1973 in
1893 1950 2033 1973 scenam
2064 1937 2258 1986 productas
2284 1939 2424 1974 Melum
2449 1951 2507 1986 op-

1565 2005 1721 2041 pressam
1738 1991 1856 2040 prodit
1875 2006 1882 2027 :
1903 1992 2045 2028 redacta
2061 1992 2154 2028 enim
2170 1992 2207 2028 in
2223 1993 2377 2029 victoris
2394 1993 2508 2041 populi

1565 2055 1778 2096 potestatem
1797 2054 1849 2082 est
1876 2060 1972 2082 anno
1999 2047 2142 2095 Olymp.
2164 2059 2210 2093 90
2233 2055 2382 2094 quarto.
2401 2047 2440 2083 ld
2456 2059 2508 2082 re-

1565 2115 1643 2138 rum
1671 2110 1847 2149 gestarum
1872 2101 1961 2137 ordo
1983 2114 2002 2137 a
2021 2101 2226 2148 Thucydide
2244 2102 2511 2151 diligentissime

1565 2156 1720 2204 digestus
1738 2156 1881 2192 evincit.
1900 2159 2127 2192 wassnuno.
2141 2156 2186 2192 ad
2205 2156 2361 2194 Diodor.
2382 2171 2436 2203 ια,
2456 2158 2510 2192 80.

1566 2238 1602 2244 -
1617 2211 1661 2247 53
1684 2211 1732 2246 Μ.
1750 2210 1813 2260 γάρ
1830 2213 1872 2246 V.
1894 2211 1964 2246 ἐστι
1981 2222 2051 2246 om.
2069 2213 2158 2246 R.-
2170 2222 2190 2245 a
2211 2208 2416 2256 ἐπιέσθησαν
2435 2215 2511 2248 Por-

1567 2277 1687 2302 sonus.
1710 2263 1904 2309 ἐπείσθησαν
1924 2264 2006 2300 libri
2024 2273 2060 2301 et
2079 2265 2264 2301 Sui‹las.-
2283 2279 2297 2301 1
2310 2280 2322 2301 1
2348 2266 2511 2303 Βοιωτίαν.

1566 2318 1588 2363 ἢ
1605 2318 1714 2360 οὕτως.
1734 2318 1830 2365 μόνον
1848 2318 1910 2368 γὰρ
1928 2318 2001 2354 τότε
2023 2318 2145 2364 δίοδον,
2177 2332 2219 2354 12
2246 2318 2296 2355 ὅτ’
2329 2319 2369 2356 ἂν
2395 2320 2429 2357 δὲ
2445 2323 2512 2357 καθ’

1568 2373 1624 2410 ἕνα
1642 2373 1697 2409 καὶ
1712 2372 1913 2423 εἷρηνικῶςῆ
1931 2373 2004 2409 καθ’
2022 2372 2078 2409 ἕνα
2095 2375 2137 2409 R.
2152 2372 2310 2422 εἰρηνικαὶ
2324 2377 2371 2409 V.
2390 2375 2470 2411 Ald.

1625 2441 1701 2473 ¹9²»
1721 2429 1834 2469 14-16
1850 2427 1900 2462 sic
1919 2428 1953 2462 in
1972 2430 2032 2470 R„
2047 2427 2117 2463 Τοῦ
2130 2425 2224 2476 ἀέρος
2240 2430 2303 2463 νῦν
2324 2426 2426 2476 λέγει.
2444 2430 2512 2465 δια-

1570 2482 1759 2531 φορήσεται,
1776 2479 1994 2531 διαπέμψεται
2020 2484 2109 2517 R.-
2133 2481 2184 2517 15.
2207 2481 2429 2519 Scholiastes
2446 2486 2513 2519 He-

1570 2536 1661 2572 siodi
1679 2535 1865 2583 Theogon.
1897 2536 1981 2580 116,
2001 2547 2035 2583 p.
2060 2536 2128 2581 393
2154 2534 2265 2570 Gaisf.
2283 2549 2292 2570 :
2313 2536 2514 2585 Βακχυλίδης

1571 2589 1604 2625 δὲ
1628 2589 1708 2638 χάος
1732 2588 1786 2624 τὸν
1805 2588 1885 2638 ἀέρα
1902 2588 2065 2635 ὠνόμασε,
2088 2588 2192 2637 λέγων
2219 2589 2297 2638 περὶ
2328 2594 2387 2626 τοῦ
2411 2592 2514 2635 ἀετοῦ,

1571 2645 1732 2692 Νωμᾶται
1751 2643 1779 2678 δ’
1801 2644 1833 2679 ἐν
1854 2642 2019 2693 ἀτρυγέτῳ
2048 2642 2135 2693 χάει.
2163 2646 2251 2689 Quae
2283 2657 2360 2681 non
2381 2645 2513 2682 divers-1

1571 2711 1647 2736 esse
1665 2698 1847 2747 poetarum
1864 2698 1941 2734 loca
1956 2706 2051 2734 recte
2065 2698 2268 2746 suspicatur
2280 2700 2515 2737 Ruhnkenius

1571 2754 1682 2802 Epist.
1700 2754 1776 2789 crit.
1794 2757 1822 2797 1,
1842 2765 1877 2800 p.
1896 2766 1938 2800 91
1961 2752 2019 2788 ed.
2036 2765 2106 2789 sec.
2126 2752 2209 2799 (175
2223 2752 2283 2788 ed.
2305 2755 2423 2802 tert.).
2438 2758 2514 2791 Nam

1573 2808 1732 2858 ἀλλοτρίῳ
1750 2821 1792 2843 cx
1813 2808 2052 2856 Aristophane
2067 2807 2104 2842 in
2125 2807 2226 2854 lyrici
2246 2807 2359 2844 verba
2379 2822 2445 2858 per
2464 2822 2514 2846 cr·

1573 2875 1689 2899 rorem
1703 2863 1862 2898 intulisse
1877 2862 2099 2898 scholiastam
2114 2862 2344 2899 :nanifestum
2361 2873 2432 2900 est.
2453 2879 2515 2901 πω·

1571 2923 1668 2955 τᾶται
1685 2918 1803 2953 Suidae
1820 2917 1902 2953 cod.
1918 2918 2027 2952 Paris.
2043 2921 2074 2953 A
2094 2930 2120 2952 s.
2137 2915 2235 2958 Χάος.
2253 2920 2376 2954 Dum.

1629 2977 1706 3018 194,
1723 2985 1765 3007 21
1794 2972 2001 3007 Plutarchus
2020 2975 2063 3006 V.
2089 2972 2275 3007 Demosth.
2300 2985 2333 3009 c.
2356 2985 2382 3020 9
2399 2988 2409 3008 :
2427 2973 2518 3023 Ἐρα-

1573 3024 1725 3070 τοσθένης
1749 3024 1807 3073 μέν
1832 3039 1929 3076 φησιν
1953 3024 2047 3061 αὐτὸν
2072 3026 2102 3060 ἐν
2126 3030 2191 3065 τοῖς
2217 3023 2329 3073 λόγοις
2354 3028 2518 3076 πολλαχοῦ

1573 3078 1737 3127 γεγονέναι
1765 3079 2000 3128 παράὸακχον·
2024 3082 2041 3116 ὁ
2066 3078 2100 3115 δὲ
2127 3078 2306 3129 Φαληρεὺς
2335 3081 2519 3131 Δημήτριος

1573 3132 1627 3169 τὸν
1643 3132 1800 3183 ἔμμετρον
1818 3134 1935 3169 ἐκεῖνον
1955 3132 2047 3183 ὅρκον
2065 3132 2183 3180 ὀμόσαι
2198 3131 2280 3169 ποτὲ
2295 3133 2380 3184 πρὸς
2395 3135 2451 3171 τὸν
2468 3136 2519 3177 83³„-

1576 3201 1634 3235 μον
1653 3186 1762 3237 ὥσπερ
1788 3189 1999 3223 ἐνθουσιῶντα
2021 3205 2035 3218 «
2052 3187 2098 3234 μὰ
2124 3190 2201 3235 γῆν,
2235 3185 2284 3235 μὰ
2307 3188 2454 3238 κρήνας,
2479 3188 2519 3237 uei

1574 3241 1751 3289 ποταμοὺς,
1785 3241 1831 3289 μὰ
1867 3242 2035 3289 νάματα.»
2068 3245 2255 3279 Donamus.
2282 3245 2464 3292 Sequitur
2490 3245 2519 3279 in

1575 3299 1653 3334 Ald.
1679 3299 1722 3334 ad
1743 3311 1776 3333 v.
1805 3299 1881 3345 195,
1900 3297 2116 3347 κομψότερονε
2138 3298 2286 3349 κομψὸν,
2311 3299 2521 3350 περίτρανον,

1575 3354 1760 3402 περίλαλον,
1780 3356 1976 3402 πανοῦργον,
1998 3352 2216 3397 ἀπατητικὸν,
2236 3353 2378 3390 πιθανὸν
2384 3383 2397 3401 ,
2415 3369 2521 3404 τεχνι-

1577 3406 1646 3442 κόν.
1662 3407 1717 3442 καὶ
1742 3406 1882 3456 κομψεία
1907 3405 2062 3456 ἐλαφρία,
2084 3405 2271 3453 ἀστειότης,
2289 3409 2521 3459 πιθανολογία,
