2931 4012
549 429 620 461 808

548 488 772 552 συνέμπτωσις
799 498 946 548 γενέσθαι
970 499 1017 548 τῷ
1047 496 1254 535 Dindorfius
1281 504 1317 532 et
1340 495 1488 532 Schnei-

548 558 665 595 dei-us.

598 625 643 649 aa
672 614 752 648 Put.
780 608 917 658 μάθοιμι
940 606 1104 653 δηλονότι,
1133 607 1177 642 ad
1194 608 1264 649 πῶς
1290 604 1328 642 ἂν
1355 599 1423 650 οὗν,
1450 611 1489 639 ut

548 667 700 704 videtur.

599 722 658 757 25.
683 723 761 757 Hoc
778 718 937 755 scholion
957 730 976 753 a
995 730 1042 753 m.
1062 730 1131 753 rec.
1148 717 1183 753 in
1203 717 1337 753 codice.
1354 719 1431 752 Pnt.
1443 713 1489 749 ad

549 790 580 812 v.
603 788 662 821 27,
677 774 776 822 ἤγουν
796 773 849 809 διὰ
863 770 901 808 τὸ
918 770 1037 821 θυρίον.

597 831 658 874 32,
691 829 725 866 5.
758 830 811 864 Ex
842 827 907 863 hac
935 825 1203 874 computatione
1234 833 1296 860 aut
1329 823 1489 872 Agathou

549 889 566 926 l.
579 897 588 918 ι
600 889 617 925 4
635 882 788 931 primum
808 880 945 924 vicerit,
959 887 1020 916 aut
1032 879 1408 928 Thesmophoriazusae
1420 882 1438 919 4
1448 878 1488 912 13

549 938 631 973 data
650 936 768 973 fuerit.
794 934 863 972 Sed
885 934 1105 982 Agathonem
1125 934 1289 970 novimus
1305 933 1490 981 Euphemo

548 993 719 1028 archonte
749 991 874 1025 vicisse
912 994 1020 1036 atque
1049 987 1242 1024 eorundem
1276 987 1490 1023 scholiorum

548 1046 618 1082 alio
634 1045 713 1080 loco
732 1045 823 1080 hanc
841 1042 1087 1090 Aristophanis
1109 1041 1264 1078 fabulam
1278 1050 1379 1077 sexto
1396 1054 1490 1076 anno

550 1109 631 1136 ante
666 1111 773 1148 quam
813 1098 1000 1146 Euripides
1035 1106 1184 1133 mortem
1220 1097 1349 1133 obierit
1376 1105 1488 1133 actam

551 1155 658 1191 fnisse
694 1153 858 1196 traditur,
885 1152 981 1201 quod
1020 1160 1159 1200 tempus
1191 1152 1260 1188 alia
1293 1153 1491 1188 testimonia

549 1209 771 1244 confirmant.
791 1212 914 1255 ltaque
934 1207 1028 1243 inter
1045 1208 1192 1255 primam
1220 1207 1413 1254 Agathonis
1435 1206 1490 1242 vi-

549 1264 695 1299 ctoriam
712 1271 747 1298 et
761 1260 1088 1312 Θεσμοφοριαζούσας
1105 1269 1218 1297 acu-..tn
1237 1265 1397 1307 quinque,
1420 1272 1489 1297 non

551 1327 620 1353 tres
664 1317 746 1353 anni
794 1317 968 1366 interjecti
1007 1316 1161 1352 suerunt.
1192 1316 1370 1351 Cum-01«.
1399 1318 1490 1352 Fast.

551 1371 639 1408 Hell.
655 1384 692 1419 p.
712 1384 834 1407 xxxiu
852 1371 908 1408 ed.
925 1373 1038 1419 Kriig.

599 1426 657 1471 39,
685 1430 724 1467 14
748 1434 828 1461 ante
844 1430 908 1467 πᾶς
924 1424 1098 1461 excidisse
1114 1423 1225 1460 videri
1239 1423 1380 1474 εὔφημος
1397 1431 1493 1460 recte

549 1480 800 1516 animadvertit
814 1480 1031 1515 Dindoriins.

602 1535 646 1570 52
665 1535 934 1583 καταχρηστικῶς
958 1533 992 1570 δὲ
1016 1530 1170 1580 προοίμια
1193 1533 1318 1569 Suidas
1339 1546 1366 1569 s.
1385 1532 1490 1583 Δρύο-

551 1601 622 1637 χοι,
639 1595 721 1636 post
735 1586 813 1628 νεώς
828 1589 850 1623 l.
866 1600 924 1623 21.

602 1642 646 1678 53
674 1639 926 1690 οἰκοδομοῦντων
950 1642 1139 1679 Bekkerus.
1165 1642 1285 1680 Codex
1311 1641 1490 1678 οἰκούντων.

600 1697 642 1732 6ι
668 1695 782 1732 codex
797 1695 974 1745 συγκάψας.

528 1749 536 1757 “
601 1749 662 1794 68,
681 1748 726 1787 35
754 1749 810 1790 τὰς
839 1749 962 1785 abesse
983 1750 1113 1787 malim.
1139 1754 1247 1787 Dum.
1269 1750 1366 1786 idem
1389 1749 1434 1787 ad
1455 1749 1492 1787 τὸ

552 1808 706 1853 σημεῖον,
735 1805 757 1840 l.
784 1806 854 1851 39:
873 1803 1005 1847 «Quod
1031 1805 1241 1853 plerumque
1272 1805 1403 1841 dicitur
1428 1819 1492 1850 ση-

553 1858 691 1907 μείωσαι
705 1859 761 1894 vel
776 1857 987 1905 σημειωτέον.
1004 1876 1019 1891 a

601 1915 730 1958 80,4ι.
757 1912 910 1949 Eandem
929 1914 1157 1961 quaestionem
1185 1915 1353 1962 proponit
1379 1918 1491 1962 Hesy-

551 1966 673 2010 chius,
691 1965 796 2016 Τρίτη
820 1967 1052 2018 Θεσμοφορίων
1070 1981 1079 2004 z
1098 1970 1240 2013 ζητεῖται
1258 1970 1327 2010 πῶς
1346 1968 1416 2017 ἅμα
1434 1967 1492 2017 μὲν

551 2019 639 2070 λέγει
669 2021 780 2071 τρίτην
814 2022 1047 2072 Θεσμοφορίων
1075 2016 1173 2068 εἶναι,
1204 2022 1273 2071 ἅμα
1306 2022 1340 2059 δὲ
1368 2022 1470 2072 μέσην
1482 2052 1492 2069 ,

552 2074 711 2126 τεττάρων
724 2076 826 2112 οὗσῶν
836 2078 983 2125 ἡμερῶν.
997 2079 1085 2113 Cum
1101 2077 1275 2126 proximis
1298 2079 1493 2114 scholiastae

552 2131 669 2168 verbis
686 2132 861 2167 consentit
877 2132 1025 2168 Photius
1042 2145 1077 2180 p.
1095 2132 1153 2178 87,
1172 2145 1213 2168 2ι
1234 2147 1242 2168 :
1260 2133 1492 2184 Θεσμοφορίων

552 2183 674 2236 ἡμέραι
692 2186 735 2222 δ’·
750 2185 868 2230 δεκάτη
885 2186 1038 2234 (δεκάτην
1053 2186 1139 2222 dicit
1166 2188 1405 2238 Πυανεψιῶνος)
1424 2190 1494 2225 Θε-

553 2238 713 2290 σμοφόρια
733 2240 796 2287 (sic
813 2239 886 2275 κατ’
900 2238 1016 2290 ἐξοχὴν
1033 2240 1160 2289 dicta),
1175 2241 1328 2283 ἑνδεκάτη
1342 2241 1492 2290 κάθοδος,

553 2293 719 2338 δωδεκάτη
742 2293 897 2340 νηστεία,
921 2294 1171 2344 τρισκαιδεκάτῃ
1199 2295 1432 2344 Καλλιγένεια·
1459 2304 1494 2333 et

554 2348 683 2384 omissa
697 2347 833 2384 dierum
852 2348 981 2384 mensis
994 2348 1175 2385 notatione
1191 2350 1363 2398 Alciphro
1382 2352 1413 2395 3,
1430 2353 1492 2398 39;

552 2405 573 2447 ἡ
589 2405 643 2439 νῦν
660 2403 788 2438 ἑστῶσα
806 2401 987 2448 σεμνοτάτη
1006 2402 1239 2452 Θεσμοφορίων
1259 2404 1352 2454 ἑορτή
1365 2419 1372 2427 ·
1393 2409 1414 2450 ἠ
1436 2404 1494 2453 μὲν

552 2455 613 2506 γὰρ
638 2454 749 2497 ἄνοδος
783 2455 866 2492 κατὰ
906 2455 966 2501 τὴν
992 2456 1124 2507 πρώτην
1150 2456 1278 2505 γέγονεν
1302 2458 1446 2509 ἡμέραν,
1472 2463 1495 2505 ἡ

553 2510 686 2554 νηστεία
699 2509 734 2546 δὲ
751 2510 787 2546 τὸ
802 2511 942 2562 τήμερον
959 2505 1042 2548 εἶναι
1058 2512 1136 2561 παρ’
1155 2511 1329 2556 Ἀθηναίοις
1346 2515 1495 2563 ἑορτάζε-

553 2578 624 2610 ται,
648 2563 689 2600 τὰ
716 2564 932 2613 Καλλιγένεια
960 2565 995 2602 δὲ
1023 2567 1066 2608 εἷς
1090 2565 1150 2610 τὴν
1177 2568 1331 2603 ἐπιοῦσαν
1357 2567 1494 2605 θύουσιν.

553 2621 725 2657 Dissentit
750 2623 973 2667 Plutarchus,
999 2623 1061 2671 qui
1085 2623 1235 2667 νηστείαν
1262 2624 1333 2660 diei
1359 2624 1496 2661 decimo

554 2683 656 2710 sexto
688 2677 944 2725 Pyanepsionis
977 2678 1165 2724 adscribit,
1194 2691 1260 2715 suo
1296 2681 1434 2728 potius,
1459 2688 1497 2715 ut

554 2728 698 2777 opinor,
714 2739 836 2765 errore
854 2743 972 2778 qnam,
988 2744 1067 2778 qnae
1084 2733 1229 2769 Prelleri
1246 2735 1417 2770 sententia
1431 2743 1496 2778 est,

553 2781 781 2818 librariorum
800 2784 919 2832 culpa,
934 2785 971 2820 in
990 2785 1072 2821 vita
1093 2787 1276 2823 Demosth.
1292 2800 1322 2823 c.
1350 2789 1415 2825 30:
1431 2803 1494 2824 κα-

552 2835 706 2886 τέστρεψε
729 2836 757 2871 δ’
774 2835 852 2886 ἕκτῃ
878 2838 933 2874 ἐπὶ
952 2837 1030 2874 δέκα
1049 2843 1106 2875 τοῦ
1133 2842 1358 2892 Πυανεψιῶνος
1379 2842 1497 2891 μηνὸς,

554 2891 586 2926 ἐν
606 2884 629 2939 ᾗ
641 2888 701 2934 τὴν
729 2892 999 2941 σκυθρωποτάτην
1020 2895 1084 2930 τῶν
1111 2895 1345 2946 Θεσμοφορίων
1370 2897 1496 2947 ἡμέραν

555 2944 691 2991 ἄγουσαι
706 2943 796 2994 παρὰ
809 2947 852 2994 τῇ
867 2947 929 2996 θεῷ
949 2946 1154 2989 νηστεύουσιν
1169 2950 1203 2984 αἱ
1218 2955 1377 2997 γυναῖκες.
1399 2953 1500 2986 Cete-

556 3011 634 3034 rum
650 3012 754 3046 qnam
777 3000 924 3036 Photins
940 2999 1074 3037 κάθοδον
1090 3003 1199 3048 dicit,
1223 3015 1295 3039 non
1308 3004 1497 3041 *diversam

555 3066 631 3090 csse
657 3053 702 3090 ab
729 3066 770 3090 ea
799 3067 905 3103 (piam
937 3053 1049 3091 ἄνοδον
1086 3065 1190 3093 vocat
1221 3058 1424 3101 scholiasta,
1454 3071 1499 3095 ex

555 3108 691 3144 scholio
707 3110 777 3145 585
795 3118 954 3158 apparet.
973 3108 1103 3147 Ἀνόδου
1121 3124 1249 3148 nomen
1266 3113 1414 3157 Στηνίοις
1433 3116 1497 3150 tri-

557 3162 635 3198 buit
648 3163 793 3200 Photius
810 3177 844 3212 p.
862 3165 943 3207 538,
962 3177 1003 3210 9,
1022 3164 1079 3201 die
1104 3178 1200 3202 nono
1217 3168 1345 3203 mensis
1368 3171 1498 3215 Pyane-

561 3216 694 3264 psiunis
710 3218 896 3255 celebratis
914 3233 922 3255 ε
945 3219 1038 3255 conf.
1051 3220 1161 3256 schol.
1179 3220 1224 3256 ad
1239 3234 1270 3256 v.
1283 3222 1367 3264 834.
1387 3226 1497 3261 Dum.

560 3275 660 3313 -44
691 3272 913 3309 scribendum
935 3273 1028 3323 τρίτη
1056 3272 1090 3310 δὲ
1115 3273 1221 3311 οὕ.-
1236 3275 1293 3318 45.
1310 3277 1394 3324 Ejus
1414 3289 1497 3313 usus

561 3332 702 3373 poterat
724 3327 912 3364 scholiasta
928 3328 1139 3366 celebriores
1156 3343 1298 3378 quoque
1319 3339 1424 3367 testes
1447 3333 1496 3367 ci-

563 3387 648 3426 tare,
676 3381 869 3418 Hesiodum
899 3386 971 3432 Op.
998 3385 1068 3431 698
1097 3398 1106 3420 ι
1136 3384 1275 3436 πέμπτῳ
1300 3385 1364 3423 ἔτει
1396 3387 1434 3435 (i.
1464 3401 1494 3425 e.

1244 413 1521 452 ADNOTATIO
1547 411 1596 449 ΙΝ
1622 412 1707 450 SCH
1713 413 1784 450 01..

1542 491 1683 543 πέμπτῳ
1711 492 1767 529 καὶ
1793 492 1951 543 δεκάτῳ)·
1981 493 2169 530 I‘indarum
2202 493 2247 528 fr.
2280 491 2421 528 Thren.
2449 491 2492 526 ὃς

1540 545 1640 596 πέφνε
1665 546 1699 583 δὲ
1727 553 1812 598 τρεῖς
1840 548 1895 585 καὶ
1926 548 1992 585 δέκ’
2022 548 2155 595 ἄνδρας·
2169 547 2321 597 τετράτῳ
2349 545 2379 581 δ’
2397 545 2494 585 οὗτὸς

1541 600 1683 645 πεδάθη·
1707 602 1749 638 fr.
1767 604 1836 639 inc.
1860 603 1902 647 54
1919 618 1926 639 :
1944 602 2025 640 τέκν’
2050 600 2377 653 ἔπεφνεν-δυώδεκ’
2393 601 2492 637 αὐτον

1542 654 1576 692 δὲ
1600 655 1722 706 τρίτον,
1751 659 1818 694 nisi
1846 659 1902 694 hic
1928 659 2072 706 quidem
2098 658 2315 694 exciderunt
2341 656 2494 704 reliqua.

1543 714 1763 747 Sennnumn.
1781 712 1916 748 ibid.—
1931 714 1976 755 46
1996 714 2130 749 ἐκαταῐα
2146 712 2276 755 codex,
2297 710 2402 759 quod
2421 722 2495 746 cor-

1544 765 1635 800 rexit
1655 766 1874 803 Dindorflus.
1890 771 2007 803 Poetae
2024 767 2125 814 lyrici
2143 766 2254 803 verba
2272 778 2355 802 esse
2369 764 2493 800 viden-

1545 827 1618 865 tur,
1636 820 1751 857 ἑκταία
1770 821 1799 857 δ’
1820 823 1869 860 ἐκ.
1889 835 1997 858 tiu—1
2031 821 2234 865 ἄποδεκάτην
2259 820 2396 856 codex.
2409 840 2451 846 -
2474 820 2494 854 3

1543 873 1628 910 κατὰ
1666 875 1881 924 Καλλίμαχον
1921 877 2094 913 Prellerus
2132 877 2169 912 in
2207 875 2494 913 Zimmermanni

1543 929 1666 965 Diario
1682 942 1714 967 a.
1735 932 1838 972 1835,
1857 944 1892 980 p.
1912 933 1994 975 787,
2010 931 2183 980 probante
2206 930 2417 967 Dindorfio.
2433 928 2497 978 τρί-

1543 997 1602 1027 την
1621 984 1793 1021 codex.—
1808 986 1828 1021 5
1849 998 1901 1033 sq.
1916 990 1992 1023 Hoc
2004 985 2090 1022 dicit
2109 986 2318 1028 scholiasta,
2330 986 2495 1021 esurien—

1545 1046 1597 1074 tes
1611 1041 1757 1087 quosvis
1779 1053 1842 1088 per
1860 1040 1981 1087 jocum
1997 1041 2114 1076 dicere
2130 1041 2245 1076 solere
2274 1040 2435 1076 mediam
2462 1051 2497 1074 s«.-

1544 1105 1647 1141 agere
1665 1094 2027 1143 Thesmophoriorum
2048 1095 2153 1139 diem,
2166 1094 2330 1139 νηστείαν
2353 1094 2496 1131 dictam.

1545 1149 1604 1185 Sic
1616 1148 1805 1185 Athenaeus
1823 1163 1858 1195 7,
1883 1162 1918 1198 p.
1937 1151 2021 1194 307,
2044 1154 2092 1186 F:
2109 1149 2219 1199 ἄνδρες
2234 1149 2346 1200 φίλοι,
2373 1148 2424 1196 μὴ
2445 1147 2497 1185 καὶ

1545 1205 1638 1251 ἡμεῖς
1657 1202 1807 1247 νηστείαν
1821 1204 1959 1252 ἄγομεν,
1977 1204 2210 1255 Θεσμοφορίων
2226 1203 2289 1248 -ι-ἡν
2303 1203 2417 1252 μέσην
2427 1231 2437 1249 ,
2451 1203 2497 1239 ὅτι

1546 1256 1636 1300 δίκην
1652 1259 1809 1307 κεστρέων
1825 1258 2038 1306 νηστεύομενς
2053 1262 2165 1295 Dum.

1595 1313 1655 1356 83,
1678 1314 1719 1348 13
1735 1311 1805 1349 ἀντὶ
1820 1314 1853 1349 ἐν
1865 1315 1912 1363 τῷ
1923 1316 1986 1350 τῶν
2007 1313 2229 1364 Θεσμοφορίων
2247 1314 2384 1350 codex.

1595 1373 1655 1413 94,
1682 1368 1723 1402 16
1742 1360 1831 1408 οὗτος
1851 1366 1884 1404 δὲ
1900 1367 2027 1405 Suidas
2051 1380 2079 1404 s.
2096 1368 2292 1416 Τεχνάζειν.
2319 1366 2424 1408 οὕτως
2446 1368 2495 1402 καὶ

1546 1420 1670 1456 codex.

1599 1488 1661 1510 mx
1669 1502 1680 1520 ,
1697 1475 1742 1510 28
1754 1477 1950 1512 scholiastae
1960 1477 2168 1513 sententiam
2181 1478 2366 1525 pervertit
2378 1477 2495 1513 Suida,

1546 1541 1573 1565 s.
1599 1527 1742 1579 Μύρμηξ
1766 1538 1801 1566 et
1821 1530 1959 1581 Χορικός
1980 1532 2098 1580 posito
2122 1532 2346 1579 imperfecto
2381 1532 2494 1571 ἐποίει.

1546 1584 1614 1620 uisi
1630 1584 1688 1620 hic
1699 1584 1834 1621 librarii
1852 1598 1953 1622 error
1969 1594 2032 1623 est.
2047 1590 2158 1623 Dum.
2174 1607 2219 1613 -
2238 1598 2286 1633 ²9
2309 1585 2494 1635 ὑπεκρίνετο

1546 1638 1639 1675 idem
1655 1653 1681 1675 s.
1696 1639 1845 1689 Χορικός,
1859 1653 1930 1676 non
1942 1654 1970 1678 s,
1987 1639 2191 1692 Μύρμηξ.-
2205 1642 2255 1678 30
2271 1639 2342 1678 ὑπὸ
2367 1655 2420 1677 vx.
2436 1653 2492 1676 co-

1547 1692 1626 1728 dex.
1654 1693 1719 1730 ἆπὸ
1742 1697 1862 1738 σκηνῆς
1879 1696 2115 1732 Schneiderus
2135 1708 2172 1744 p.
2198 1696 2234 1739 5,
2259 1705 2374 1732 recte.
2402 1696 2491 1732 Idem

1548 1746 1656 1783 verba
1670 1749 1713 1790 ὡς
1729 1747 1809 1798 πρὸς
1822 1747 1916 1798 χορὸν
1937 1750 2091 1798 explicat
2106 1749 2162 1785 his
2176 1749 2385 1786 scholiastae
2402 1749 2491 1785 Nub.

1552 1802 1666 1838 1356:
1687 1801 1785 1843 οὕτως
1807 1803 1938 1851 ἔλεγον,
1961 1803 2037 1840 ὅταν
2068 1807 2125 1840 τοῦ
2152 1806 2333 1853 ὑποκριτοῦ
2357 1804 2489 1840 διατιθε-

1548 1855 1643 1904 μένου
1657 1855 1717 1901 τὴν
1733 1859 1825 1907 ῥῆσιν
1839 1885 1849 1901 ,
1868 1860 1886 1894 ὁ
1902 1858 1996 1908 χορὸς
2013 1860 2164 1908 ὀρχῆται.

1603 1912 1666 1947 ιο5
1685 1912 1843 1954 εὐπίστως
1867 1912 1945 1963 πρὸς
1970 1913 2024 1951 τὸν
2045 1913 2114 1950 θεὸν
2138 1913 2267 1951 Suidas
2285 1926 2318 1952 s.
2344 1913 2486 1952 Σεὸίσαι.

1546 1964 1584 2002 τὸ
1598 1965 1738 2002 addidit
1754 1966 1976 2004 Dindorfins.

1602 2033 1680 2063 121,
1697 2022 1742 2057 38
1760 2021 1898 2072 Φρυγίῳ
1913 2023 2096 2059 codex.—-
2112 2025 2158 2070 39
2176 2025 2235 2067 τῆς
2258 2022 2336 2060 ’Am
2353 2024 2410 2060 vel
2438 2025 2486 2067 τῆς

1547 2077 1602 2110 τοῦ
1618 2074 1688 2111 'Am
1710 2076 1808 2111 malit
1822 2077 2037 2113 Dindorlius.
2049 2097 2097 2104 —-
2111 2084 2155 2122 47
2169 2090 2215 2113 an
2240 2090 2318 2114 non
2342 2081 2399 2114 τοῦ
2420 2079 2488 2129 περὶ

1549 2129 1651 2165 'Ami’
1672 2129 1716 2165 de
1730 2131 1894 2178 Apolline
1914 2131 2048 2167 dictum
2074 2144 2150 2168 esse
2174 2131 2264 2167 illud
2293 2131 2405 2181 ἄρσενι
2434 2134 2486 2180 βοᾷ

1548 2184 1800 2220 documentum
1822 2186 1925 2222 addit
1949 2194 2054 2234 poeta
2077 2187 2250 2234 fulgorem
2272 2187 2484 2223 emicantem.

1547 2243 1601 2275 De
1620 2240 1692 2290 περὶ
1707 2240 1812 2277 etiam
1826 2242 2058 2278 Fritzschium
2072 2243 2244 2290 cogitasse
2257 2243 2380 2287 video,
2392 2255 2485 2291 quem

1548 2295 1639 2331 conf.
1656 2307 1691 2343 p.
1707 2301 1801 2338 4ο-
1813 2301 1859 2343 49
1874 2295 1982 2332 habet
2000 2296 2125 2332 Suidas
2139 2309 2166 2332 S.
2179 2296 2323 2345 Ἄρσενι.

1602 2362 1666 2394 ¹27
1687 2349 1758 2386 ἀντὶ
1775 2352 1833 2393 τῆς
1848 2351 1972 2387 codex.
1991 2351 2155 2387 Correxit
2173 2349 2339 2387 Dindorf.

1604 2416 1681 2450 ι29,
1697 2410 1715 2447 4
1735 2404 1983 2455 παρεπιγραφὴν
1998 2405 2170 2441 codex.—
2183 2404 2204 2439 5
2221 2417 2276 2453 sq.
2292 2407 2344 2441 ὄλ.
2357 2408 2376 2442 ὁ
2395 2406 2486 2456 γέρων

1549 2459 1594 2498 εἷς
1607 2457 1665 2502 τὴν
1678 2460 1750 2502 θηλ.
1767 2460 1863 2495 αὐτοῦ
1875 2460 1933 2496 καὶ
1948 2460 2097 2508 λαγνείαν
2116 2458 2316 2497 ἀποὸλὲπων
2330 2460 2455 2498 Suidas
2466 2474 2487 2496 s.

1551 2511 1726 2556 Ὀλολῦζει.

1599 2568 1678 2611 ι30,
1697 2582 1716 2613 7
1736 2567 1814 2616 φασὶ
1835 2569 2025 2605 Bekkerus.
2043 2568 2163 2605 Codex
2187 2577 2279 2618 φησι.
2300 2568 2400 2605 Idem
2423 2569 2443 2604 8
2459 2577 2487 2604 et

1554 2635 1597 2657 ιο
1613 2625 1825 2659 πεποιεῖσθαι.

1600 2680 1664 2714 ι3ι
1683 2677 1790 2712 habet
1809 2677 1933 2713 Suidas
1960 2691 1986 2713 s.
2007 2676 2361 2725 Κατεγλωττισμένον,
2377 2678 2437 2726 qui
2458 2691 2486 2713 ιι

1536 2730 1622 2768 ’ἀντὶ
1633 2735 1689 2768 τοῦ
1701 2733 1846 2772 πολλαῖς.
1856 2753 1903 2759 -
1922 2745 1963 2767 ι2
1978 2731 2265 2780 καταμεμιγμένον
2288 2733 2388 2781 apud
2403 2735 2487 2769 Bek-

1551 2786 1685 2832 kerum,
1699 2785 1796 2833 quod
1809 2798 1878 2821 non
1892 2787 2033 2822 videtur
2048 2787 2082 2822 in
2100 2786 2223 2822 codice
2237 2799 2328 2823 esse.

1599 2842 1666 2886 137
1700 2841 1878 2876 Bekkerus
1909 2842 2029 2877 retulit
2056 2840 2099 2876 ad
2127 2853 2158 2876 v.
2191 2842 2282 2885 136;
2313 2842 2376 2878 sed
2406 2850 2487 2878 recte

1552 2897 1752 2933 Meinekius
1777 2909 1922 2944 quoque
1946 2897 2036 2933 Hist.
2061 2899 2159 2931 Com.
2182 2908 2218 2944 p.
2243 2896 2316 2931 362
2340 2910 2362 2933 a
2384 2897 2488 2932 verbis

1551 2952 1599 2993 τίς
1620 2955 1641 2996 ἡ
1667 2950 1797 3000 τάραξις
1830 2951 1967 2999 incipit.
1997 2953 2161 2986 Ceterum
2191 2951 2355 2998 AEschyli
2381 2952 2489 2999 potius

1552 3019 1656 3055 qnam
1672 3006 1923 3054 Aristophanis
1948 3006 2064 3041 locum
2082 3017 2294 3052 expressum
2320 3006 2432 3042 fuisse
2453 3005 2491 3041 ab

1552 3061 1703 3106 Eubulo,
1724 3061 1813 3097 bene
1830 3061 1969 3097 monuit
1985 3059 2211 3097 Fritzschius.

1601 3130 1613 3152 1
1626 3118 1669 3151 52
1682 3118 1738 3151 τοῦ
1760 3129 1830 3152 om.
1846 3116 1972 3151 codex.
1991 3118 2067 3150 Non
2084 3114 2167 3149 satis
2192 3115 2301 3151 video
2316 3116 2410 3163 quid
2434 3115 2494 3152 sibi

1552 3171 1636 3206 velit
1664 3178 1725 3205 aut
1761 3183 1833 3218 quo
1866 3171 2041 3218 pertineat
2067 3169 2137 3204 haec
2169 3169 2303 3216 glossa.
2338 3176 2494 3221 Sequens

1551 3225 1711 3260 scholion
1726 3225 1770 3259 ad
1789 3238 1824 3260 v.
1839 3237 1851 3259 ι
1863 3226 1904 3259 5ι
1927 3223 2162 3260 referendum.

1600 3280 1680 3324 162,
1709 3279 1754 3322 43
1782 3277 1817 3314 δὲ
1844 3277 1992 3327 ἄντικρυς
2016 3278 2140 3314 codex.
2155 3300 2199 3306 —-
2215 3285 2262 3321 44
2282 3279 2442 3332 Ὄρνισι,
2465 3295 2495 3316 v.

1552 3340 1591 3376 14
1605 3346 1712 3369 ιο.-
1727 3333 1771 3375 45
1786 3332 1868 3373 τίνες
1888 3332 1921 3368 δὲ
1933 3334 2065 3368 ὠκεανῶ
2076 3331 2115 3368 τὰ
2128 3331 2170 3368 σὰ
2183 3334 2303 3385 πτερά.
2322 3337 2413 3372 rouo*
2422 3337 2501 3387 [sie]

1549 3387 1661 3439 ὡςόρν.
1671 3387 1794 3426 codex.
1802 3387 1892 3424 Vide
1904 3395 2023 3425 notata
2032 3387 2194 3437 adpchol.
2204 3392 2271 3424 Av.
2289 3403 2303 3425 1
2311 3397 2332 3434 4
2344 3404 2357 3426 ι
2365 3404 2450 3428 0.-
2457 3392 2499 3434 46
