2931 4012
601 457 671 488 ⁴0⁴

1291 441 1566 480 ADNOTATIO
1594 439 1639 475 ΙΝ
1667 439 1750 475 SCH
1756 439 1827 474 01..

601 536 656 567 τοῦ
671 528 818 568 Κλέωνος
836 526 882 562 ἔτι
901 528 1036 569 ζῶντος,
1051 528 1071 569 ἠ
1089 525 1198 573 εἰρήνη
1216 523 1285 571 μετ’
1300 521 1441 558 ἐνιαυτὸν
1461 520 1532 568 ἐγέ-
1556 536 1563 581 Ι
1587 517 1624 554 ἂν
1641 532 1710 554 om.
1726 520 1768 554 Θ.
1789 541 1827 548 -
1851 519 1870 553 5
1889 517 2037 567 λάὸρακα
2058 518 2101 554 Θ.
2127 517 2330 564 Legebattu·
2351 515 2535 566 λα’ὃραιας.

601 598 690 620 vno·
709 581 834 629 ἐγένετο
850 580 885 616 δὲ
904 580 1044 627 πόλεμος
1067 578 1113 614 ἔτι
1131 577 1260 627 ὕστερον
1276 577 1363 626 (haec
1380 575 1423 611 de
1447 588 1532 611 con·
1586 592 1631 600 —
1656 574 1678 608 6
1697 573 1830 609 Κλονεῑν
1861 573 1917 608 hic
1945 572 2114 607 omissum
2146 584 2229 607 mox
2257 584 2328 619 pro
2359 570 2537 620 ταράσσειν

597 641 735 689 jectum
756 638 861 684 addo)
887 636 940 672 ἐπὶ
966 634 1184 672 ὀκτωκαίδεκα
1208 633 1282 677 ἔτη·
1301 633 1407 680 vulgo
1433 630 1536 666 καὶ-

600 695 724 743 ἐγένετο
742 694 830 729 male
852 693 1016 738 leguntur
1037 698 1117 738 post
1134 687 1376 737 ἐγένετο-ἔτη.
1394 690 1416 723 F
1420 686 1537 721 oedera

601 750 694 786 enim
724 750 769 783 30
789 758 978 788 annorum,
1007 757 1085 792 quae
1114 744 1284 779 ferierunt
1310 742 1537 777 Athenienses

601 816 681 839 cnm
699 800 970 838 memlaemoniis
987 811 1082 834 anno
1101 798 1240 834 decimo
1260 796 1343 832 belli
1362 795 1416 831 01.
1431 796 1488 841 89,
1504 795 1536 839 3,

602 857 713 893 Thac.
734 857 773 899 5,
797 856 856 898 18,
875 867 986 901 quum
1005 852 1078 900 jam
1105 852 1324 888 solverentur
1340 850 1396 887 01.
1425 851 1483 895 89,
1505 854 1538 893 4,

600 911 761 957 Thucyd.
796 911 814 945 5
826 936 836 953 ‚
870 909 935 951 43,
967 908 997 942 si
1032 906 1228 943 octodecim
1263 917 1374 941 annos
1407 903 1514 939 addas
1527 929 1538 947 ,

602 964 735 1000 incides
755 964 791 998 in
809 964 862 998 01.
882 962 941 1008 94,
965 974 999 1005 2,
1022 973 1093 1008 quo
1108 974 1201 997 anno
1219 961 1315 995 finita
1336 967 1387 995 est
1411 958 1538 994 seditio

608 1019 757 1054 Athenis.
773 1034 787 1048 υ

654 1073 735 1115 328,
756 1072 777 1105 8
794 1068 1027 1117 μεταληκτικὸν
1043 1072 1082 1104 V.

653 1127 736 1169 330,
767 1125 807 1159 13
830 1123 1027 1172 παραδράμῃ
1047 1136 1083 1158 σε
1104 1125 1145 1158 V.
1165 1120 1375 1172 παραδράμοι
1388 1121 1481 1157 Θ..-
1496 1119 1538 1153 15

606 1179 722 1219 πείσεις
742 1191 812 1214 orn.
826 1179 869 1214 V.

653 1236 735 1278 331,
754 1247 795 1269 21
815 1247 893 1282 φασι
911 1236 954 1268 V.
970 1233 1122 1269 Θ.-23
1143 1229 1185 1266 τὰ
1201 1243 1273 1266 om.
1291 1233 1334 1266 V.

654 1289 744 1331 340,
765 1288 804 1322 51
826 1285 1052 1336 ἀποκρίνεσθαι
1067 1288 1111 1323 Θ.
1129 1284 1359 1334 ὑποκρίνασθαι
1383 1286 1426 1318 V.
1439 1300 1478 1306 —-
1494 1283 1538 1317 53

605 1340 790 1391 ὑπεκρίνετο
806 1342 850 1375 Θ.

655 1397 737 1436 341,
762 1408 773 1429 1
797 1406 867 1429 om.
882 1397 940 1437 V.,
958 1395 1020 1440 qui
1040 1406 1060 1428 2
1079 1392 1222 1432 εἰπόντος
1235 1393 1282 1428 οὐ.

656 1450 738 1490 342,
756 1448 777 1482 6
797 1445 895 1494 Κάγὼ
908 1459 977 1482 om.
996 1450 1033 1483 V.
1045 1470 1082 1476 —
1093 1461 1111 1491 7
1130 1446 1250 1485 εἷκανὸς
1266 1443 1329 1493 ἐγὼ
1342 1448 1383 1478 V.
1395 1467 1432 1473 -
1446 1445 1467 1478 8
1482 1445 1540 1491 ρη-

611 1502 724 1550 μᾶτων
746 1515 817 1536 0111.
844 1502 935 1537 Θ..-
951 1515 993 1535 10
1019 1501 1072 1536 καὶ
1098 1515 1168 1536 0111.
1188 1502 1230 1537 Θ.
1257 1507 1337 1548 post
1363 1497 1483 1547 γὰρ.-
1499 1510 1537 1531 11

606 1555 730 1606 καρύκη
746 1554 870 1590 Suidas
884 1568 911 1589 s.
939 1555 973 1589 h.
995 1568 1027 1590 v.
1051 1555 1199 1604 καρύκκη
1224 1554 1303 1589 Ald.
1324 1551 1540 1600 μονθυλευτὴν

607 1611 650 1648 Θ.
667 1618 703 1646 et
721 1609 856 1645 Suidas.
876 1608 1095 1654 μονΟηλευτὴν
1112 1609 1190 1644 Ald.

659 1664 741 1706 345,
762 1662 803 1697 15
827 1663 949 1700 ἀστεῖος
963 1664 1003 1695 V.
1022 1663 1066 1698 Θ.
1089 1661 1186 1701 οὕτως
1200 1661 1277 1697 Ald.
1298 1680 1341 1689 ·-·
1362 1674 1415 1705 17,
1434 1661 1475 1694 18
1492 1661 1542 1695 le-

608 1716 756 1764 gebatur
771 1713 982 1763 κατορθώσεις
998 1714 1069 1750 οὐδὲ
1089 1713 1254 1755 διανύσεις.
1274 1735 1320 1742 -
1337 1727 1382 1749 20
1396 1713 1418 1757 ἢ
1433 1727 1541 1749 νεοσπ.

608 1771 651 1807 Θ.
666 1791 710 1796 -
726 1771 746 1805 3
762 1768 822 1817 γὰρ
839 1768 969 1815 ἥδυσμα
983 1767 1071 1816 λέγει
1086 1768 1123 1804 τὸ
1138 1771 1182 1806 Θ.

659 1825 739 1867 348,
760 1824 801 1864 34
817 1822 1025 1872 ἐγρηγόρουσι
1043 1827 1085 1859 V.

662 1880 743 1923 349,
764 1879 806 1922 37
831 1877 864 1911 δὲ
879 1889 949 1911 0111.
965 1879 1003 1912 V.
1019 1878 1066 1925 τῷ
1086 1877 1172 1925 λόγῳ
1185 1875 1241 1911 καὶ
1258 1875 1317 1919 τὴν
1335 1875 1483 1924 ἀπειρίαν
1499 1877 1541 1912 Θ.

617 1956 654 1962 -
671 1937 715 1972 40
730 1931 943 1979 ταλαιπωρῶν
959 1930 1013 1965 καὶ
1036 1943 1105 1966 om.
1124 1932 1167 1967 Θ.
1187 1931 1247 1978 qui
1269 1938 1305 1965 et
1321 1937 1380 1973 42.
1403 1932 1446 1971 43
1473 1942 1541 1964 om.

612 2004 653 2010 -—
682 1986 727 2026 46
754 1982 857 2032 τούτῳ
889 1984 989 2019 δεῖται
1018 1983 1164 2031 δείγματι
1190 1985 1331 2033 χρῆσθαι
1354 1984 1397 2020 Θ.
1422 2003 1466 2010 -—
1499 1984 1543 2025 48

609 2042 726 2073 κακοῦν
742 2039 786 2075 Θ.

658 2092 740 2135 350,
761 2092 799 2126 51
821 2090 938 2136 ξενίου,
955 2092 997 2126 52
1011 2090 1187 2137 ἐπήνεγκας
1200 2091 1242 2128 Θ.
1256 2110 1297 2118 —-·
1316 2091 1357 2133 54
1377 2091 1419 2130 εἷς
1435 2089 1543 2138 ἑτέραν

611 2159 679 2181 om.
694 2147 738 2182 Θ.

661 2200 741 2241 352,
765 2211 776 2232 1
799 2199 1055 2247 πεπληρωμένην
1071 2200 1135 2234 τῶν
1155 2200 1197 2235 Θ.

612 2277 616 2282 -
662 2252 744 2296 355,
761 2254 850 2286 8-12
870 2251 1278 2301 Λοιδορήσω-Ἀθηναίων
1295 2259 1376 2298 post
1394 2251 1542 2287 alterum

612 2306 773 2341 scholion
797 2313 934 2353 ponunt
951 2309 992 2340 V.
1008 2307 1051 2341 Θ.
1071 2306 1217 2352 praefixo
1241 2304 1355 2344 ἄλλως.
1375 2325 1414 2331 --
1445 2306 1466 2338 8
1485 2318 1544 2340 κα-

612 2358 733 2398 σαλὸὰς
748 2358 887 2394 addidit
900 2359 1061 2405 'l'oupius
1078 2358 1259 2393 Emendat.
1273 2358 1341 2392 voi.
1360 2364 1394 2400 4,
1410 2371 1445 2405 p.
1462 2359 1541 2400 546.

612 2432 655 2440 -
672 2427 694 2458 9
720 2411 787 2446 ἀντὶ
817 2414 872 2446 τοῦ
891 2411 942 2446 δι’
963 2413 1080 2460 ἀγορᾶς
1106 2410 1317 2447 Dindorfius.
1344 2410 1544 2457 Lugebatur

612 2467 674 2502 ἀπὸ
696 2467 784 2512 (ΑΙιΙ.
809 2467 860 2513 ἐκ)
877 2470 931 2501 τοῦ
959 2466 1113 2515 Διαγόρα.
1136 2492 1185 2498 -
1212 2479 1250 2500 11
1280 2465 1470 2501 ἀντιτέθεικε
1499 2468 1541 2501 Θ.

611 2546 657 2553 .-
681 2525 720 2568 14
735 2525 800 2559 τοῖς
816 2519 987 2569 ᾑρημένοις
1006 2523 1064 2564 V.,
1081 2533 1152 2556 non
1165 2520 1306 2567 suidas.
1324 2541 1373 2549 —
1392 2521 1432 2554 16
1448 2519 1543 2568 ἔχου·-

612 2574 845 2610 σι-σοὸοῦσαι
863 2575 906 2610 Θ.
929 2596 975 2602 -
1008 2582 1049 2611 18
1075 2573 1251 2624 ἀλλοτρίοις
1274 2586 1342 2610 om.
1365 2575 1407 2610 Θ.
1432 2595 1478 2600 -
1498 2586 1543 2609 2ο

612 2627 680 2662 ἐπεὶ
696 2641 765 2664 om.
784 2631 822 2662 V.

662 2681 743 2723 356,
764 2683 819 2723 23,
839 2687 881 2722 24
898 2681 1352 2731 μηρυκάζοντα-μηρυκᾶζει
1368 2681 1443 2716 ΑΜ.

662 2733 743 2776 357,
762 2735 805 2767 30
827 2735 1027 2783 ῥοφουμένων
1045 2735 1182 2770 Suidas.
1199 2735 1251 2770 ἐπὶ
1273 2737 1335 2769 τῶν
1354 2734 1474 2782 ἀθρόως
1489 2735 1543 2770 καὶ

612 2786 783 2829 ἀπλήστως
809 2787 1014 2836 ἐκροφώντων
1033 2789 1110 2824 Α1(Ι.
1127 2809 1173 2816 -—
1197 2791 1235 2822 31
1263 2789 1338 2836 μηδ’
1359 2789 1544 2830 ἀποπλύνας

612 2843 654 2875 Θ.
674 2861 721 2866 -
743 2841 783 2881 34
811 2840 991 2886 legebatur
1020 2841 1077 2887 μὲν
1099 2836 1151 2877 οὗν
1179 2844 1206 2876 θ.
1235 2845 1276 2876 V.
1302 2842 1408 2890 Θύνῳ.
1435 2863 1481 2868 -
1499 2843 1542 2878 35

617 2892 746 2933 ἐντιθεὶς
761 2897 802 2928 V.
821 2895 864 2930 Θ.

662 2946 743 2991 358,
762 2948 820 2989 38,
842 2949 887 2992 39
900 2946 1278 2994 τὸν-τμηθέντος-τοῦ
1299 2952 1339 2984 V.
1363 2950 1544 2985 aninina

612 2999 718 3035 habet
733 3001 857 3035 Snidas
874 3013 901 3035 s.
919 3003 1101 3049 Λαρυγγιῶ.
1120 3028 1165 3034 -
1187 3009 1230 3044 4ο
1246 3001 1279 3037 δὲ
1295 3015 1364 3037 0111.
1383 3006 1425 3038 V.
1440 3005 1483 3039 Θ.
1498 3023 1543 3029 -

611 3060 655 3094 42
672 3053 826 3090 καλὸἄσω
837 3055 881 3090 Θ.
904 3054 1057 3090 camdem
1074 3058 1114 3090 V.
1132 3076 1177 3083 —
1196 3063 1238 3097 42
1252 3055 1336 3092 οὕτω
1353 3069 1422 3092 om.
1438 3060 1478 3092 V.
1502 3077 1541 3084 —

612 3113 654 3150 44
675 3106 896 3147 δυσοιώνιστος
918 3108 1119 3144 Valckenar.
1138 3110 1249 3145 Diatr.
1269 3110 1391 3158 Eur-ip.
1412 3122 1446 3159 p.
1465 3124 1541 3157 109.

611 3162 807 3208 Legebatur
830 3161 1018 3207 δυσώνητος.
1041 3184 1069 3190 -
1105 3165 1148 3204 46
1166 3163 1200 3198 δὲ
1215 3174 1284 3199 om.
1304 3165 1342 3199 V.
1361 3166 1404 3201 Θ.

661 3217 743 3259 361,
763 3217 807 3250 50
825 3215 880 3251 καὶ
895 3229 964 3251 0111.
980 3220 1020 3251 V.
1037 3225 1117 3252 ante
1142 3218 1224 3267 ἀθρ.,
1242 3217 1346 3253 habet
1370 3217 1494 3254 Suidas
1514 3230 1541 3252 s.

611 3267 754 3316 Λάὸραξ.
781 3291 815 3297 -
836 3271 879 3305 52
892 3270 1077 3306 καταπίνειν
1095 3273 1195 3307 Θ.-
1212 3272 1255 3306 53
1269 3283 1322 3318 sq.
1338 3272 1371 3306 τὸ
1387 3271 1541 3319 ἤνυστρον

611 3321 665 3356 καὶ
693 3322 793 3357 τᾶλλα
818 3324 989 3368 ἀντέθηκεν
1015 3329 1058 3361 Θ.
1076 3346 1118 3352 -
1137 3339 1148 3360 1
1178 3323 1302 3365 δέοντος
1324 3329 1365 3360 V.
1385 3326 1444 3360 οὖκ
1461 3324 1542 3363 εἰκὸς

611 3375 687 3411 ΑΜ.
703 3400 743 3407 -—
756 3378 789 3419 3,
808 3384 826 3419 4
845 3383 900 3414 τοῦ
917 3379 1071 3427 ἠνύστρου
1088 3377 1143 3414 καὶ
1164 3391 1235 3416 om.
1246 3379 1291 3415 Θ.
1305 3401 1345 3409 -
1362 3375 1424 3428 γὰρ
1440 3372 1480 3421 ἦν
1498 3379 1539 3412 V.

1588 629 1688 675 ponit
1714 630 1820 664 9.-
1836 641 1853 667 7
1882 629 1937 669 ’.ἧς
1963 625 2068 666 Ἀσίας
2095 638 2164 661 om.
2192 627 2235 662 Θ.
2259 645 2312 652 -
2338 626 2361 660 8
2393 624 2538 671 γίνονται

1586 682 1745 717 additum
1767 695 1810 718 ex
1827 681 1953 723 Suida,
1974 681 2033 727 qui
2048 679 2174 715 deinde
2192 678 2245 715 διὰ
2259 677 2323 723 τὴν
2337 679 2537 715 ἐκδιδοῦσαν.

1586 758 1633 765 —
1649 750 1672 784 9
1697 737 1752 780 τὴν
1774 749 1843 771 om.
1868 739 1905 771 V.
1931 736 1964 771 Θ
1978 762 1987 777 ,
2004 734 2064 781 qui
2084 734 2216 769 omittit
2237 747 2248 767 1
2264 745 2276 768 1
2299 733 2360 768 καὶ
2389 732 2537 775 οὕτως-

1588 792 1774 836 Μιλησίοις.

1638 848 1719 890 362,
1746 859 1784 890 17
1803 845 1923 887 ἐξόδους
1941 847 1983 879 Θ.
2002 869 2047 875 .-
2065 845 2106 878 18
2119 841 2158 878 τὰ
2177 841 2249 889 με’τ.
2266 844 2314 879 Θ.
2333 851 2376 878 et
2403 842 2538 892 Λαυρία.

1639 902 1720 945 364,
1740 913 1779 935 21
1802 900 1953 946 βάλλεται
1972 901 2013 932 V.

1638 956 1717 998 367,
1736 956 1784 989 32
1807 952 1840 988 δὲ
1859 953 1978 999 δεσμοῦ
2002 950 2303 986 εονὼίῑναίοεὶμε
2320 950 2373 986 ad
2401 954 2541 999 Harpo-

1559 1018 1564 1028 '
1587 1016 1672 1044 crat.
1700 1021 1733 1055 p.
1752 1009 1833 1048 246.

1638 1064 1721 1109 369,
1742 1067 1785 1103 42
1801 1074 1851 1109 sq.
1867 1058 1920 1095 ἵνα
1941 1059 2063 1095 ἁπαλαὶ
2088 1057 2260 1106 γενόμεναι
2282 1059 2479 1097 διαλάθοιεν
2493 1061 2541 1096 εὖ·

1587 1118 1691 1166 χερῶς
1705 1119 1759 1151 τοῦ
1778 1114 1948 1165 φαρμάκου
1963 1113 2090 1149 suidas
2108 1126 2134 1147 5.
2150 1114 2301 1150 Ξαίνειν.

1639 1172 1721 1215 370,
1740 1172 1785 1210 46
1804 1168 1867 1203 ἀπὸ
1881 1171 1935 1203 τοῦ
1948 1166 2103 1216 δέρματος
2115 1168 2372 1203 Bentleins.—
2389 1180 2434 1214 47
2449 1170 2540 1216 κλεμ·

1589 1225 1701 1271 μάτων
1720 1224 1763 1260 Θ.

1642 1280 1724 1323 371,
1745 1278 1785 1313 51
1808 1275 1970 1312 πάτταλον
1993 1276 2036 1311 Θ.

1640 1334 1723 1377 372,
1746 1332 1789 1366 53
1814 1330 1875 1366 ὑπὸ
1900 1331 1963 1365 τῶν
1986 1329 2114 1364 Suidas
2136 1342 2164 1367 s.
2192 1329 2467 1378 Περικόμματα,
2484 1330 2536 1366 ubi

1589 1385 1654 1422 ἀπὸ
1666 1386 1737 1421 duo
1752 1385 1855 1420 codd.
1866 1404 1904 1411 —
1919 1385 1961 1424 54
1975 1382 2206 1432 περιαιρόμενα
2221 1387 2268 1419 V.
2279 1383 2298 1418 ὃ
2311 1384 2535 1420 δὲ-’τοιοῦτόν

1589 1442 1658 1478 ἐστι
1673 1453 1741 1476 om.
1759 1441 1801 1476 Θ.

1641 1496 1722 1539 373,
1740 1495 1760 1529 5
1776 1495 1840 1528 τῶν
1857 1492 2024 1541 βλεφάρων
2048 1490 2164 1527 ἐκτίλω
2183 1493 2226 1525 V.
2240 1511 2292 1519 ·—-
2323 1492 2347 1525 6
2378 1492 2534 1539 ἀπομαδί·

1590 1551 1653 1591 ζειν
1668 1557 1721 1585 est
1735 1551 1897 1594 dqfitam.
1918 1548 2018 1582 Conf.
2034 1549 2192 1591 Ducang.
2209 1558 2237 1580 s.
2256 1546 2437 1591 Μαδίζειν,
2450 1546 2532 1594 quod

1590 1604 1719 1651 legitur
1736 1603 1772 1637 in
1784 1601 1922 1637 scholio
1938 1601 2114 1648 proximo,
2127 1598 2187 1635 ubi
2199 1600 2339 1635 Victor.
2354 1601 2532 1648 adscripsit

1591 1656 1743 1705 μαδίσαι,
1771 1655 1806 1691 τὸ
1835 1653 1892 1695 τὰς
1921 1654 2033 1702 τρίχας
2060 1653 2235 1689 ἀποῧαλεῖν
2247 1666 2254 1673 ·
2280 1652 2391 1700 μάδος
2416 1653 2453 1689 τὸ
2480 1653 2529 1703 ψί-

1590 1712 1657 1747 λωθ
1695 1725 1724 1746 ν.

1642 1726 1732 1809 3ρ704,
1760 1765 1781 1799 8
1807 1762 1990 1811 λεγόμενον,
2012 1773 2053 1796 12
2075 1759 2158 1796 οὕτω
2171 1788 2181 1806 ,
2198 1768 2237 1796 et
2263 1763 2307 1797 13
2340 1761 2468 1809 τέμνειν
2485 1762 2532 1797 καὶ

1592 1830 1662 1856 om.
1689 1819 1732 1856 Θ.
2059 1844 2067 1852 .

1642 1872 1710 1916 376
1724 1899 1733 1916 ,
1758 1871 1800 1906 16
1824 1869 1984 1919 πασσάλῳ
2011 1869 2136 1905 Suidas
2154 1881 2181 1905 s,
2199 1869 2357 1919 Χαλαζᾷ.
2380 1888 2429 1897 -
2446 1882 2487 1905 20
2504 1869 2532 1905 ἐν

1591 1925 1769 1965 πασσάλοις
1796 1926 1838 1961 Θ.
1853 1945 1900 1951 -
1918 1926 1962 1958 23
1985 1923 2092 1971 ἐξᾶραι
2110 1922 2167 1966 τὴν
2194 1923 2353 1971 γλῶτταν
2372 1922 2395 1966 ἢ
2410 1920 2530 1972 ’ἐξᾶραι

1592 1981 1663 2016 ἀντὶ
1679 1983 1734 2016 τοῦ
1755 1977 1957 2022 ἀνασπάσαι,
1972 1977 2103 2012 ἑλκύσαι
2120 1979 2163 2014 Θ.

1643 2036 1726 2081 379,
1743 2034 1787 2069 25
1800 2032 2052 2081 ἔπιγνωσώμεθα
2068 2035 2120 2076 V.,
2135 2033 2195 2080 qui
2210 2044 2284 2067 om.
2299 2033 2530 2082 πολυπραγμο-

1591 2089 1743 2136 νήσομεν.

1643 2145 1723 2187 381,
1748 2155 1793 2189 29
1812 2142 1949 2189 νόσημα.
1974 2142 2052 2176 Vid.
2081 2140 2290 2177 Schneider.
2316 2141 2362 2177 ad
2387 2142 2527 2178 Aristot.

1593 2201 1637 2234 H.
1656 2203 1694 2233 A.
1712 2198 1781 2233 voi.
1801 2199 1833 2242 3,
1855 2210 1889 2244 p.
1910 2197 1991 2231 656.
2013 2199 2121 2231 Dum.

1642 2252 1723 2292 382,
1747 2252 1791 2292 34
1818 2249 1974 2292 παιανικὴ
2001 2251 2043 2286 Θ.
2059 2270 2103 2275 -
2120 2248 2165 2284 35
2180 2250 2315 2297 πρῶτον
2340 2248 2401 2285 καὶ
2424 2249 2530 2299 τρίτον.

1593 2305 1792 2352 Legebantur
1808 2306 1946 2353 πρῶτον,
1960 2302 2112 2351 δεύτερον.
2129 2305 2170 2338 111
2189 2306 2231 2337 V.
2245 2308 2334 2338 esti
2351 2298 2415 2353 ῥ’γ.
2433 2304 2471 2338 ld
2487 2310 2531 2338 est

1592 2358 1618 2394 α’
1635 2358 1689 2394 καὶ
1703 2359 1729 2406 γ’
1739 2362 1897 2394 Dmn.--
1907 2371 1925 2392 2
1942 2356 2115 2405 εἰλήφαμεν
2130 2358 2173 2393 Θ.
2184 2361 2246 2397 -4
2261 2357 2432 2393 ἀναιδείαν
2445 2359 2531 2404 ὓπερ-

1591 2411 1741 2456 ηκόντισέ
1768 2426 1815 2452 τις
1840 2413 1995 2447 ναυτικῶν
2024 2413 2066 2447 Θ.
2094 2409 2211 2444 Verba
2241 2419 2431 2459 corrupta.
2452 2397 2496 2442 -Ω
2512 2410 2529 2443 6

1593 2467 1688 2501 αὐτοῦ
1706 2469 1745 2501 V.
1758 2467 1802 2502 Θ.
1824 2464 1882 2507 τὴν
1897 2485 1942 2491 -—
1956 2465 2043 2501 δοκεῖ
2058 2471 2093 2499 et
2107 2476 2125 2505 7
2141 2462 2300 2511 θαυμάζει
2315 2478 2389 2500 om.
2403 2466 2448 2501 Θ.
2463 2463 2528 2496 -8

1592 2519 1738 2568 ἀνδρείαν
1757 2519 1836 2554 Ald.

1643 2575 1711 2610 385
1730 2568 1808 2610 Οἶον
1827 2574 1862 2608 οὗ
1882 2573 1999 2622 φαῦλον
2015 2581 2050 2607 et
2068 2571 2138 2608 οὐδὲ
2155 2571 2293 2615 ἀνόητον
2309 2585 2382 2608 om.
2398 2575 2442 2610 Θ.

1642 2628 1724 2672 387,
1744 2629 1787 2662 23
1808 2627 1896 2674 μάλα
1910 2628 1951 2663 Θ.
1968 2639 2034 2674 pro
2051 2626 2188 2674 μεγάλα.

1643 2682 1710 2717 388
1725 2708 1734 2725 ,
1773 2694 1816 2725 27
1861 2678 2203 2728 μεταλαμὸανομένων·
2244 2681 2292 2715 Θ.
2330 2681 2524 2716 Dindoffius

1592 2735 1733 2781 conjicit
1757 2733 2019 2781 μεσολαὸούντων
2038 2734 2092 2768 vel
2109 2733 2207 2780 μέσον
2225 2732 2475 2780 λαμὸανόντων.
2487 2752 2521 2760 -·

1594 2790 1639 2822 28
1673 2787 1784 2823 τούτου
1818 2787 2005 2837 κρειττόνων
2041 2786 2217 2835 γενομένων
2256 2790 2449 2824 Kusterus.
2479 2790 2522 2822 τοῦ

1593 2841 1767 2892 κρείττονος
1784 2842 1953 2889 γενομένου
1973 2840 2156 2889 (γινομένων
2172 2840 2234 2888 Θ.)
2250 2841 2331 2876 Ald.

1643 2897 1722 2942 392,
1739 2897 1782 2931 32
1800 2894 1901 2937 οὕτως
1915 2900 1957 2931 V.
1971 2915 2019 2922 -
2032 2896 2077 2931 36
2094 2894 2232 2937 ποιήσας
2247 2895 2293 2932 Θ.
2307 2915 2354 2922 -
2372 2897 2420 2942 39
2440 2894 2522 2931 σπεί-

1593 2963 1689 2999 ροντα
1706 2952 1748 2986 Θ.
1762 2974 1809 2981 -
1825 2955 1869 2991 4ο
1881 2948 2106 2999 προσπορίζειν
2123 2949 2166 2984 Θ.

1642 3005 1725 3048 393,
1747 3009 1792 3045 42
1810 3006 1865 3039 τοῦ
1883 3006 1946 3038 τῶν
1963 3004 2057 3051 αἰχμ.
2076 3003 2120 3038 Θ.
2134 3021 2176 3029 -
2194 3003 2238 3043 43
2252 3001 2522 3049 Λακεδαιμονίων,

1591 3055 1641 3095 οὓς
1660 3058 1778 3098 ζῶντας
1799 3056 1882 3098 ἄξειν
1903 3058 2084 3092 Kusterus.
2109 3055 2161 3097 οὓς
2188 3057 2309 3097 ζῶντας
2323 3055 2407 3098 ἕξειν
2425 3057 2522 3092 Am·

1592 3109 1763 3157 δαιμονίων
1781 3111 1860 3145 ΑΜ.
1877 3130 1919 3138 —-·
1935 3116 1977 3152 44
1994 3111 2223 3159 ἐμπροῡεσμῶν
2241 3111 2286 3145 Θ.

1640 3165 1710 3210 395
1725 3164 1807 3200 ἐνεόν
1825 3165 1950 3199 Suidas
1968 3177 1994 3199 S.
2019 3167 2169 3213 Μακκοᾷ.
2187 3163 2395 3210 Legebantur
2411 3165 2443 3200 ἐν
2460 3162 2523 3198 ἔθει.

1641 3224 1721 3260 400,
1746 3231 1757 3252 1
1784 3218 1923 3265 δοκίμων
1951 3218 2029 3265 ἄγαν
2050 3219 2092 3253 Θ.
2117 3225 2153 3252 et
2179 3217 2306 3255 suidas
2334 3230 2365 3253 s.
2397 3216 2524 3253 Κώδιον.

1591 3271 1765 3318 εὐδοκίμων
1784 3270 1865 3318 ἄγαν
1889 3275 1930 3306 V.
1949 3272 2028 3318 ἄγαν
2053 3270 2229 3317 εὐδοκίμων
2251 3271 2339 3306 Ald.
2354 3291 2402 3298 —-
2420 3273 2440 3307 3
2455 3276 2526 3319 post

1591 3327 1676 3371 μισῶ
1690 3324 1812 3360 Suidas
1831 3326 1932 3372 ponit
1945 3326 2003 3360 ina
2015 3327 2057 3365 ὡς
2067 3323 2238 3373 ἑνουρητὴν
2252 3320 2308 3360 οὖν
2321 3325 2383 3361 καὶ
2399 3324 2526 3372 μέθυσον

1592 3376 1757 3413 διαὸάλλει
1772 3377 1824 3413 τὸν
1838 3379 2007 3427 Κρατῖνον.
2027 3383 2118 3416 Tum
2131 3380 2249 3428 pergit
2261 3376 2334 3415 ὅθεν
2357 3378 2416 3416 καὶ
2434 3390 2528 3423 παρο-
