2931 4012
560 435 630 473 510

609 515 698 562 500,
713 514 759 557 45
784 514 936 550 refertur
961 513 1006 548 ad
1025 512 1187 548 codicum
1214 512 1426 559 scripturam
1445 509 1500 546 ὑπ’

558 567 659 618 αὖγὺς
678 568 822 617 (ab-(824)
849 562 989 604 οἶον.-
1004 568 1062 609 46,
1095 569 1177 602 Haec
1201 566 1251 601 sic
1276 574 1357 601 sunt
1384 566 1500 600 curri-

559 624 683 673 genda,
702 623 776 660 ἀλλ’
795 618 901 671 ὦνπερ
919 621 1022 658 οὕνεκ’
1048 616 1144 664 ἦλθον
1167 620 1188 656 ἅ
1217 620 1251 667 μ’
1281 621 1393 657 εἰπεῖν.
1414 617 1499 668 λέγε.

559 681 645 716 Nam
663 679 712 713 ita
735 679 771 713 iu
791 677 883 713 libro
901 690 965 712 suo
981 677 1149 724 scriptum
1172 675 1345 711 iuvenis-se
1365 674 1502 710 videtur

560 733 744 768 scholiasta
778 744 844 779 pro
859 725 879 765 ἆ
900 729 960 776 (525
983 729 1017 777 μ’
1032 731 1154 765 εἰπεῖνε
1175 742 1246 776 quo
1282 729 1410 764 factum
1426 735 1465 763 ut
1482 726 1502 763 ἅ

560 787 711 836 produci
739 793 892 835 putaret.
916 788 1023 820 Dus-n.
1053 785 1109 820 Sic
1138 783 1364 819 statuendum
1390 791 1501 831 puto:

562 854 684 878 revera
714 841 751 877 in
787 841 941 887 antiquis
969 839 1068 876 libris
1099 839 1268 887 scriptum
1299 838 1404 873 fuisse
1433 840 1503 872 AM

563 890 598 945 (ἔ
613 895 649 944 μ’
668 908 733 943 pro
755 894 792 931 ἔα
811 894 883 943 μ’),
903 894 999 942 quod
1019 907 1127 942 quum
1147 908 1212 942 pro
1238 893 1295 942 ἅμ’
1324 892 1503 940 accipere—

563 957 634 994 tur,
653 949 829 985 vocabulo
849 961 918 983 non
936 948 1041 996 hujus
1053 949 1138 992 loci,
1153 956 1188 984 ct
1203 947 1395 983 verborum
1409 954 1505 982 stru-

564 1013 663 1040 ctura
690 1012 726 1040 et
761 1012 913 1039 metrum
947 1004 1062 1051 periit.
1093 1007 1180 1047 Quae
1207 1001 1433 1038 incommoda
1468 1009 1506 1035 ut

565 1060 753 1102 sarcirent,
774 1058 887 1094 critici
904 1057 1046 1106 quidam
1062 1056 1137 1106 λέγε
1162 1056 1344 1093 veru-bant
1368 1057 1404 1091 in
1430 1053 1505 1103 βού-

564 1117 681 1163 loy-nu,

639 1163 828 1219 ἄλλ’ὗνπερ
843 1166 945 1204 οὕνεκ’
957 1161 1053 1212 ἦλθον
1068 1166 1151 1216 (ἅμ’)
1169 1167 1268 1202 εἰπεῖν
1288 1165 1457 1214 βούλομαι,

566 1224 684 1259 deleto
706 1224 760 1260 vel
787 1224 912 1260 relicto
930 1222 1001 1271 ἅμ’.
1030 1225 1135 1259 Certe
1164 1221 1323 1257 relictum
1346 1228 1421 1255 erat
1437 1220 1506 1255 AM

565 1279 601 1314 in
620 1280 786 1326 exemplo
803 1291 874 1326 quo
892 1276 1058 1312 utebatur
1076 1277 1302 1312 scholiastes:
1318 1275 1379 1322 qui
1398 1286 1506 1322 quum

567 1332 612 1367 de
627 1332 722 1382 βιαίῳ
738 1333 878 1381 συστολῇ
896 1332 1073 1378 loquatur,
1094 1334 1162 1366 AM
1181 1330 1275 1366 haud
1291 1328 1399 1364 dubie
1413 1329 1509 1376 cepit

568 1398 632 1434 pro
651 1381 672 1421 ἆ
690 1385 754 1434 (ἔα)
779 1384 825 1434 μ’,
852 1394 887 1421 et
908 1386 1087 1432 egregium
1105 1384 1198 1420 'sane
1218 1384 1421 1431 exemplum
1446 1395 1508 1418 na-

568 1449 644 1477 ctus
669 1449 721 1476 est
746 1440 922 1476 violentiae
940 1439 1160 1487 prosodicae:
1180 1438 1253 1475 ἀλλ’
1272 1433 1379 1487 ὦνπερ
1405 1436 1509 1474 οὕνεκ’

567 1491 677 1540 ἦλθον,
696 1499 717 1532 ἄ
735 1496 771 1543 μ’
786 1497 899 1532 εἰπεῖν.
921 1496 990 1532 ΑΓ.
1016 1494 1186 1542 βούλομαι.

620 1549 688 1591 504
714 1553 792 1586 Put.
821 1547 1049 1598 θεραπεύματα
1069 1549 1113 1590 εἷς
1130 1549 1168 1585 τὸ
1182 1548 1311 1598 ταχέως
1328 1552 1441 1585 τεκεῖν.
1465 1550 1509 1583 Et

570 1604 614 1639 ad
635 1603 717 1648 505,
738 1603 906 1645 πλεονάζει
920 1602 957 1639 τὸ
976 1602 1012 1638 τό
1028 1602 1158 1653 ἄρθρον.

620 1658 689 1694 506
723 1657 836 1706 κηρίον
871 1657 915 1693 de
946 1658 1048 1693 melle
1079 1656 1278 1705 accipiebat
1308 1656 1509 1692 scholiasta.

573 1712 662 1749 Vide
683 1713 836 1759 Bergler.
852 1719 887 1748 et
901 1710 1135 1747 Fritzschium
1155 1722 1189 1759 p:
1213 1713 1293 1753 184.

622 1767 703 1813 509,
722 1780 736 1802 1
753 1768 906 1803 καλοῦσιν
925 1766 1049 1802 Suidas
1067 1779 1096 1802 s.
1116 1759 1252 1815 Ἦτρον.

622 1822 702 1866 516,
722 1822 742 1858 3
760 1820 819 1866 τὴν
844 1820 1042 1871 προάνθησιν
1068 1821 1206 1857 correxi
1230 1833 1273 1856 ex
1298 1819 1405 1854 schol.
1427 1822 1507 1854 Pac.

579 1890 643 1924 ¹99
661 1877 710 1925 (et
724 1877 852 1912 Photio
870 1888 908 1924 p.
930 1877 1009 1923 193,
1036 1889 1071 1921 7,
1096 1875 1205 1911 Suida
1235 1882 1270 1910 et
1291 1874 1360 1921 aL).
1390 1874 1510 1911 Codex

579 1958 587 1966 .
603 1957 612 1966 .
628 1959 637 1966 .
661 1945 783 1966 απινων
795 1930 905 1966 literis
930 1930 1101 1965 evanidis.
1130 1933 1250 1966 Potest
1270 1937 1385 1965 tamen
1404 1929 1509 1964 etiam

571 1984 612 2022 τὰ
626 1984 849 2022 ἀποπίπτοντα
863 1984 982 2022 scribi.
1004 1984 1058 2021 τὸν
1075 1984 1364 2034 προαποπίπτοντα
1388 1981 1509 2019 κύττα-

573 2054 625 2091 ρον
639 2041 728 2076 dixit
752 2040 988 2088 Theophrast.
1005 2043 1051 2076 H.
1070 2039 1121 2075 Pl.
1148 2039 1180 2081 3,
1200 2052 1219 2085 7
1232 2066 1243 2083 ,
1259 2041 1290 2074 3.
1304 2041 1413 2074 Dum.
1429 2060 1476 2064 -—
1489 2039 1511 2072 6

571 2107 650 2144 sqq.
663 2097 749 2140 Quae
761 2095 795 2130 in
809 2095 946 2130 scholio
964 2098 1100 2130 Veneto
1114 2097 1195 2130 Pac.
1208 2107 1219 2129 1
1229 2107 1276 2140 99
1291 2094 1473 2140 leguntur,
1493 2105 1512 2127 e

573 2150 719 2185 vetustis
735 2148 777 2185 ad
795 2148 1180 2197 Thesmophoriazusas
1193 2148 1340 2184 scholiis
1357 2147 1511 2190 fluxisse,

573 2203 737 2240 audacter
753 2201 927 2238 contendo
944 2216 951 2237 :
973 2210 1055 2238 sunt
1075 2203 1168 2238 enim
1193 2210 1262 2237 tam
1283 2201 1328 2236 ab
1354 2202 1415 2236 illo
1432 2202 1511 2237 loco

573 2257 705 2303 aliena,
723 2268 828 2305 quam
848 2255 892 2291 ad
919 2262 1079 2291 nostrum
1097 2255 1202 2291 unice
1224 2255 1510 2291 accommodata:

574 2309 763 2360 Αυκόφρονᾶ
790 2322 887 2359 φησιν
914 2307 1148 2358 Ἐρατοσθένης
1168 2307 1206 2344 τὸ
1227 2307 1384 2359 κύτταρον
1408 2307 1512 2356 λέγειν
1539 2348 1542 2366 1

1256 429 1536 468 ADNOTATIO
1561 429 1613 466 ΙΝ
1639 428 1804 468 scnoL.

1605 511 1688 557 533,
1707 523 1753 548 20
1770 510 1855 548 κατὰ
1870 512 1929 556 τῆς
1945 511 2092 548 Bekker.
2108 512 2146 548 ἐκ
2160 512 2224 555 τῆς
2240 510 2387 547 codex.

1605 566 1696 611 536,
1719 567 1763 602 23
1786 564 1967 614 βουλομένη
1985 574 2079 601 recte
2101 566 2252 613 corrigit
2271 562 2518 601 Fritzschius.

1556 622 1743 668 Sequentia
1763 620 1874 665 ἐπειδὴ
1901 620 1956 656 ἐπὶ
1981 623 2102 665 σκηνῆς
2117 620 2201 656 εἰσίν
2229 621 2395 656 sortasse
2419 616 2467 654 ad
2483 615 2522 653 τὰ

1560 674 1714 725 δουλάρια
1733 675 1930 719 resen-enda,
1947 689 1978 710 v.
1997 675 2081 719 537.
2101 679 2181 712 Put.
2204 674 2326 710 habet
2343 688 2353 710 z
2373 674 2521 721 εἷμενοίιν

1557 728 1603 768 τὶς
1617 729 1700 773 ἄλλη
1717 729 1864 774 δηλονότι
1885 728 1965 778 γυνὴ
1986 728 2067 777 ἔστι,
2086 733 2182 766 τοῦτο
2199 727 2287 779 ὅπερ
2307 727 2402 776 λέγω
2428 728 2524 770 ποιῆ-

1557 797 1613 819 σαι
1634 783 1726 832 (sic),
1743 783 1801 820 εἶδ’
1818 783 1854 820 οὒ
1872 784 1918 831 μὴ
1941 786 2035 831 ἡμεῖς
2049 782 2156 820 αὗταί.
2178 784 2233 819 Ad
2259 783 2353 827 538,
2368 781 2474 830 ἤγουν
2488 779 2522 816 τὸ

1559 838 1691 874 αἰδοῖον.

1609 892 1678 928 566
1706 893 1821 929 codex
1848 892 1894 940 μὰ
1920 890 2086 940 τοῖν-μὰ
2115 898 2201 929 ταῖν.
2225 896 2451 939 Utrumque
2477 888 2521 936 μὰ

1559 946 1603 983 ab
1620 947 1765 983 librario
1783 949 1938 991 illatum,
1957 948 2019 995 qui
2038 960 2109 983 non
2133 946 2394 995 perspexisset
2422 956 2521 980 men-

1561 1008 1629 1036 tem
1649 1002 1860 1039 scholiastae.
1892 1002 1945 1038 Ad
1970 1001 2079 1038 verba
2102 1001 2149 1049 μὰ
2171 1000 2218 1037 τὼ
2250 999 2320 1036 θεὼ
2348 999 2520 1036 observat

1559 1058 1808 1104 grammaticus
1825 1059 2081 1093 nominativum
2103 1065 2137 1093 et
2156 1057 2416 1093 accusativum
2450 1063 2518 1090 ter-

1562 1113 1792 1149 minationem
1808 1112 1939 1148 habere
1956 1112 2194 1154 masculinam,
2210 1111 2279 1147 sed
2301 1111 2473 1159 genitivo
2488 1117 2518 1145 et

1561 1166 1680 1202 dativo
1698 1179 1781 1203 casu
1807 1179 1878 1202 non
1904 1171 1971 1202 τοῖν
1998 1169 2093 1211 θεοῖν,
2117 1167 2177 1202 sed
2204 1170 2285 1201 ταῖν
2311 1168 2407 1201 θεαῖν
2439 1164 2515 1201 dici.

1561 1222 1644 1257 Ταῖν
1662 1223 1749 1257 θεαῖν
1772 1230 1824 1257 est
1842 1222 1878 1257 in
1900 1224 2008 1269 Vesp.
2030 1221 2113 1265 378,
2133 1220 2197 1256 ubi
2218 1224 2315 1257 Rav.
2340 1220 2442 1255 male
2458 1221 2515 1254 τῶν

1562 1277 1655 1313 θεῶν.
1672 1278 1784 1312 Dum.

1614 1330 1696 1375 567,
1717 1336 1761 1372 4ο
1782 1330 1835 1367 ἐπὶ
1849 1330 2010 1367 additum
2029 1343 2073 1366 ex
2091 1329 2199 1366 Suida
2210 1342 2240 1366 s.
2264 1329 2457 1374 ’13:220qu
2472 1327 2513 1364 ὅτι

1562 1386 1757 1421 omittente.
1773 1385 1871 1421 Idem
1893 1384 1986 1429 πολὺ,
1999 1398 2161 1434 παρετυμ.
2176 1383 2275 1420 δὲ.-
2291 1389 2341 1426 42
2360 1385 2407 1424 ὡς
2422 1383 2512 1419 addi-

1564 1440 1615 1475 dit
1629 1439 1867 1476 Schneiderus
1886 1453 1920 1487 p.
1945 1452 2074 1474 xoo.-
2089 1439 2133 1481 43
2155 1438 2286 1488 ἀνδρῶν
2300 1437 2446 1475 Suidas.

1615 1494 1699 1541 572,
1720 1494 1763 1536 45
1784 1493 1853 1530 ἔστι
1868 1494 1895 1530 δ’
1909 1494 2024 1530 codex
2044 1501 2080 1528 et
2094 1492 2226 1529 Suidas
2244 1506 2274 1528 s.
2290 1491 2418 1539 ‘baeu

1614 1548 1701 1592 585,
1721 1548 1767 1583 52
1784 1549 1983 1584 accuratius
2010 1547 2158 1583 dixisset
2176 1546 2233 1582 διὰ
2257 1546 2322 1591 τὴν
2352 1545 2439 1582 θέσιν
2461 1548 2507 1581 τοῦ
2526 1579 2539 1591 „

1564 1603 1792 1653 θεσμοφορίου,
1829 1603 1926 1651 quod
1960 1601 2129 1650 templum
2156 1601 2320 1637 Athenis
2353 1602 2392 1637 in
2423 1600 2506 1637 edito

1563 1658 1642 1694 loco
1661 1671 1774 1706 prope
1792 1658 1977 1706 acropolin
2001 1658 2106 1693 situm
2125 1664 2214 1692 erat.
2231 1660 2431 1693 Fn‘rzscu.

1613 1713 1698 1757 600,
1720 1726 1740 1748 2
1759 1711 1931 1763 κρύπτειαι
1958 1712 2209 1759 Bernhardyus
2233 1711 2279 1747 ad
2305 1711 2453 1747 Suidam
2473 1721 2502 1744 V.

1566 1767 1744 1817 Κρυπτεία.
1762 1767 1868 1816 Apud
1891 1768 2070 1803 Platonem
2086 1774 2139 1802 est
2152 1768 2174 1810 ἡ
2189 1764 2371 1817 κρύπτεια.
2384 1789 2421 1797 -
2436 1765 2455 1799 3
2469 1764 2505 1799 de

1565 1822 1738 1870 Euripide
1766 1830 1862 1858 recte
1890 1821 2029 1858 dubitat
2058 1821 2280 1857 uindex-stus,
2296 1841 2348 1848 ——
2368 1826 2385 1862 4
2405 1819 2504 1855 codex

1565 1874 1752 1925 κρύπτεται.
1791 1876 2039 1923 Bcrnhardyus
2065 1876 2088 1911 l.
2124 1888 2155 1912 c.
2187 1873 2408 1924 κρυπτευταί.
2431 1875 2503 1922 Κρυ-

1565 1935 1674 1966 πτεῖαι
1719 1931 1948 1976 confidenter,
1980 1938 2019 1966 ut
2053 1930 2163 1974 solet,
2210 1929 2372 1977 projecit
2402 1928 2500 1964 Fritz—

1565 1984 1693 2022 sebius.

1615 2039 1699 2083 616,
1720 2052 1761 2074 ιο
1780 2038 1881 2089 οὔρων
1900 2039 2025 2074 Suidas
2040 2051 2066 2074 s.
2083 2038 2339 2086 Στραγγουριῶ.
2351 2059 2391 2066 -
2410 2049 2445 2070 11
2461 2048 2503 2082 sq.

1567 2093 1658 2128 idem
1676 2095 1818 2143 χρῆσθαι
1832 2093 1951 2135 αὐτοῖς.
1973 2092 2189 2143 φυλάττονται
2203 2089 2269 2141 γὰρ
2286 2090 2397 2127 πολλὰ
2409 2089 2504 2126 πτύειν

1565 2147 1621 2183 καὶ
1636 2151 1742 2197 οὐρεῖν
1761 2147 1815 2184 καὶ
1830 2150 1933 2195 ἀπομ.

1616 2204 1699 2244 624,
1718 2216 1759 2249 ¹9
1774 2203 1912 2250 corrige
1926 2202 2119 2250 typothetae
2131 2201 2380 2246 omissionem,
2393 2200 2505 2236 ἐποίουν

1565 2256 1645 2307 πρὸς
1663 2256 1700 2293 τὸ
1713 2255 1812 2307 ἱερόν.

1616 2312 1683 2346 631
1708 2311 1816 2347 habet
1832 2311 1939 2347 etiam
1953 2314 2032 2348 Put.
2051 2310 2096 2346 ad
2117 2309 2366 2360 προῦπίνομεν,
2382 2310 2443 2358 qui
2462 2309 2508 2344 ἀλ·

573 2366 605 2401 ἐν
622 2358 650 2414 ᾧ
669 2365 703 2400 αἱ
720 2362 815 2413 φηγοὶ
831 2361 1023 2410 ἐγκάθηνται
1034 2390 1043 2407 ,
1061 2364 1119 2398 οὐκ
1140 2364 1247 2412 ὀρθῶς.
1264 2364 1438 2413 κυττάρους
1450 2362 1512 2412 γὰρ
1539 2368 1542 2394 l
1565 2365 1694 2408 λήλαις.

571 2419 708 2455 καλοῦσι
733 2416 790 2458 τὰς
807 2419 870 2453 τῶν
892 2416 1012 2466 κηρίων
1039 2416 1093 2453 καὶ
1119 2417 1263 2467 σφηκίων
1282 2416 1512 2468 κατατρήσεις,
1539 2434 1541 2447 e

1617 2421 1687 2461 646
1708 2433 1745 2467 γε
1765 2419 1983 2455 Diudorfius.
2003 2418 2065 2469 γὰρ
2086 2420 2216 2457 codex.
2236 2418 2507 2469 Παρατετήρηται

572 2475 614 2513 ὥς
631 2471 687 2509 καὶ
703 2474 735 2508 ἐν
751 2477 816 2513 τοῖς
830 2470 952 2522 Σφηξὶν
967 2470 1104 2521 εἴρηκεν,
1120 2488 1133 2503 «
1146 2470 1513 2521 ὥσπερ-κινούμενοι.»
1538 2484 1542 2519 ζ
1568 2475 1689 2510 referri
1706 2487 1809 2522 posse
1824 2474 1868 2510 ad
1885 2475 1995 2510 schol.
2011 2475 2141 2510 Avium
2156 2475 2228 2515 448
2251 2474 2301 2510 dc
2319 2474 2506 2522 νυνμενῖαιι·

572 2532 732 2576 Apparet
750 2528 961 2563 sententiam
980 2526 1083 2573 hujus
1103 2527 1169 2562 loci
1190 2527 1373 2574 aliquanto
1388 2527 1513 2562 melius
1539 2526 1542 2542 ⁷

571 2595 593 2619 a
608 2582 840 2630 Lycophrone
855 2594 961 2629 quam
981 2580 1027 2616 ab
1043 2580 1272 2616 Eratosthene
1292 2589 1511 2629 perspectam

572 2650 661 2673 esse.
684 2638 859 2685 Deinceps
885 2637 974 2672 alius
1001 2636 1265 2684 grammaticus,
1290 2643 1513 2671 correcturus

573 2692 707 2728 scilicet
745 2692 1035 2734 Eratosthenem,
1069 2691 1173 2739 hujus
1207 2693 1274 2728 viri
1304 2693 1512 2728 sententiam

574 2747 683 2793 magis
705 2747 808 2781 etiam
824 2746 1024 2791 infuse-avit,
1043 2746 1090 2781 δεῖ
1101 2742 1154 2782 οὖν
1173 2759 1249 2794 sqq.
1265 2738 1402 2782 Retinet
1418 2748 1511 2782 enim

573 2809 680 2848 apum
698 2800 837 2844 cellam,
858 2812 898 2835 ac
917 2808 1087 2848 praeterea
1100 2813 1205 2836 voces
1227 2808 1295 2835 tam
1313 2809 1409 2836 arcte
1425 2815 1512 2836 cou-

1567 2537 1667 2565 notat
1683 2530 1905 2565 Fritzschius.

1617 2585 1707 2629 648,
1742 2597 1787 2631 29
1821 2583 2038 2631 διισθμονίσαι
2068 2583 2185 2619 Suidae
2213 2597 2244 2619 s.
2276 2584 2349 2620 hac
2378 2597 2410 2619 ν.
2430 2591 2505 2619 ets.

1567 2638 1707 2687 Ἰσθμός.
1726 2640 1846 2674 Codex
1868 2638 2088 2686 διισμωνίσαι.

1616 2693 1686 2727 656
1705 2693 1819 2728 codex
1833 2691 2022 2740 ἐγκυκλίων.

1616 2748 1700 2792 658,
1718 2748 1762 2783 35
1790 2749 1893 2783 sicin
1912 2751 2006 2791 Put„
2023 2746 2094 2781 ἀντὶ
2119 2749 2177 2781 τοῦ
2200 2744 2265 2790 τὴν
2294 2744 2431 2797 ἀγορὰν,
2453 2744 2505 2781 aas

1568 2806 1622 2838 τοῦ
1646 2804 1712 2838 ἐκεῖ
1739 2801 1792 2837 τὸν
1829 2802 1906 2839 λαὸν
1933 2803 2144 2838 πυκνοῦσθαι.
2173 2822 2221 2828 -—
2249 2802 2298 2837 36
2327 2801 2504 2843 ἐπεποίηντο

574 2866 703 2901 nexas,
721 2852 873 2901 στρεὸλὸν
890 2853 998 2902 ὥσπερ
1021 2853 1195 2904 κύτταρον,
1218 2854 1435 2902 ineptissime
1453 2856 1509 2892 ‹li—
1538 2849 1541 2868 ¹
1566 2857 1803 2893 Schneider-us
1832 2870 1866 2905 p.
1882 2858 1915 2895 5.
1944 2856 2063 2893 Codex
2087 2855 2283 2900 ἐπεποίητο.
2299 2883 2341 2889 --
2355 2860 2400 2901 37
2425 2854 2505 2892 πυκνὶ

573 2908 681 2945 vellit.
703 2908 829 2943 Melius
849 2921 952 2955 quam
981 2910 1089 2944 ceteri
1119 2910 1265 2945 ultimus
1292 2910 1508 2946 scholiastes.

573 2964 639 2999 Hic
692 2963 833 2998 demum
880 2962 1124 3009 Lycophronis
1172 2963 1320 3011 vestigia
1368 2966 1507 3012 pressit.

574 3022 764 3056 Fax-rzscn.
778 3045 812 3051 -
828 3031 852 3065 9
868 3018 931 3053 τῶν
950 3015 1133 3067 μελικήρων
1152 3018 1287 3053 mavult
1306 3018 1509 3055 Schneider.

573 3087 608 3122 p.
626 3075 661 3110 6.
675 3096 714 3104 —
732 3086 773 3110 10
792 3075 895 3120 πῶμα
910 3071 1036 3108 Suidas
1059 3085 1089 3108 s,
1110 3070 1279 3122 Κύτταρος
1301 3080 1337 3108 et
1354 3072 1508 3112 Πύσθιον.

572 3129 692 3166 Codex
712 3130 823 3177 σῶμα.

623 3184 705 3230 519,
728 3185 768 3220 13
785 3176 854 3220 εἶτα
871 3181 911 3227 δὴ
929 3184 1005 3231 θυμ.
1031 3182 1194 3218 Matthiae
1210 3195 1248 3230 p.
1270 3182 1339 3224 342
1357 3191 1461 3218 recte.

623 3238 692 3273 532
708 3239 735 3273 εἷ
754 3237 799 3286 μή
815 3239 986 3286 glossema
1008 3244 1060 3272 est
1077 3236 1331 3284 particularum
1354 3234 1439 3280 πλὴν
1461 3236 1511 3287 ἄρ’

572 3293 606 3338 ἤ.
625 3291 708 3337 ἄλλη
724 3292 804 3339 γυνή
828 3300 944 3328 autem
967 3291 1118 3339 proximi
1147 3303 1268 3327 versus
1286 3291 1414 3326 lemma
1441 3300 1510 3335 est,

573 3358 639 3395 pro
676 3358 749 3393 quo
781 3346 863 3395 γυνή
895 3360 942 3387 τις
970 3346 1144 3393 scriptum
1175 3345 1212 3381 in
1242 3353 1339 3381 textu
1368 3345 1510 3382 codicis.

574 3404 685 3438 nmo.

1538 2929 1541 2941 ι
1566 2911 1682 2955 σκηναὶ
1698 2911 1901 2947 Dindorfius
1917 2919 1952 2947 et
1967 2911 2036 2947 alii.
2054 2910 2177 2946 codex
2198 2913 2310 2960 σκηνῇ
2323 2910 2455 2947 πυκναὶ.
2468 2928 2504 2937 -

1568 2967 1612 3002 38
1629 2966 1721 3002 idem
1731 2966 1919 3001 vii-doctus
1936 2978 2030 3001 nunc
2042 2965 2148 3005 (conf.
2166 2966 2376 3013 fragmenta
2389 2979 2423 3015 p.
2437 2965 2504 3007 501,

1566 3021 1599 3069 a)
1620 3022 1750 3056 referre
1770 3022 1869 3056 malit
1882 3021 1926 3057 ad
1940 3024 2019 3056 Pac.
2041 3022 2123 3065 731,
2149 3022 2193 3060 ὥς
2218 3019 2362 3057 εἰώθασι
2377 3020 2503 3070 μάλιστα

1564 3075 1639 3124 περὶ
1653 3074 1711 3114 τὰς
1731 3073 1851 3119 σκηνὰς
1863 3075 2010 3111 πλεῖστοι
2026 3072 2167 3109 κλέπται
2183 3074 2369 3117 κυπτάζειν
2385 3074 2440 3111 καὶ
2451 3088 2505 3110 ιιι·

1565 3137 1721 3168 κοποιεῖν.

1616 3186 1685 3230 678
1704 3189 1781 3222 Put.
1798 3185 1856 3234 (nd
1873 3185 1976 3230 ἔσται)
1988 3190 2054 3226 τοῖς
2065 3183 2248 3234 ἀνθρώποις
2267 3184 2437 3230 δηλονότι.

1615 3241 1686 3275 680
1713 3239 1820 3275 habet
1850 3244 1943 3283 Put.,
1969 3249 2005 3275 et
2030 3254 2037 3275 ι
2064 3239 2262 3289 παράκοπος
2291 3239 2328 3276 δὲ
2359 3239 2505 3292 <ppt-:m

1565 3293 1663 3341 ἤγουν
1676 3295 1739 3329 τῶν
1753 3295 1875 3343 φρενῶν
1888 3293 2032 3344 τραπείς.

1614 3348 1706 3390 682,
1734 3353 1774 3389 41
1796 3347 1911 3384 codex
1930 3347 2092 3390 Ἀλεξανδ.
2122 3349 2376 3387 Alexandrum
2398 3349 2506 3387 medi!

1565 3401 1750 3437 comoediae
1784 3409 1926 3451 poetam
1968 3402 2134 3450 intelligit
2175 3403 2388 3442 Mein‘ekius
2419 3403 2499 3443 ffb!-
