2931 4012
533 473 571 498 ιν
1360 456 1605 494 PRAEFATlO

533 544 677 590 puerilis
702 541 932 578 institutionis
958 553 1079 576 caussa
1109 540 1265 576 scribere
1292 538 1468 583 solebant,
1527 537 1634 584 (caret
1648 537 1740 572 enim
1756 535 2129 584 Thesmophoriazusis
2144 543 2180 570 et
2195 536 2396 582 LysistrataJ
2411 563 2420 580 ‚
2439 549 2458 573 a

533 597 627 631 velut
643 596 687 631 dc
701 596 965 632 constructione
983 594 1093 631 verbi·
1110 599 1300 643 κατηγορεῖν
1321 593 1364 628 ad
1379 593 1468 628 Plut.

533 664 623 697 919,
651 649 696 686 de
723 649 835 686 verbo
857 650 944 697 ὀχεῖν
961 648 1005 684 ad
1019 652 1106 685 Ran.
1127 650 1171 684 23
1185 676 1195 693 ,
1226 648 1271 683 de
1288 646 1471 684 Centauris

531 705 617 740 ibid.
636 705 692 740 38.
711 705 927 740 Glossemata
944 703 1183 739 interlinearia
1196 702 1341 749 copiosa
1352 700 1471 745 habet,

532 770 609 806 quae
641 758 685 794 ad
713 758 855 794 Plutum
882 756 1101 805 frequentius
1131 769 1236 804 quam
1263 755 1306 791 ad
1338 761 1471 790 ceteras

533 811 668 848 fabulas
683 811 856 860 apposui,
874 823 1074 858 quanquam
1087 810 1135 845 ⁴in
1147 810 1204 846 his
1221 821 1365 857 quoque
1382 807 1470 843 nihil

532 866 636 902 omisi
647 865 744 914 quod
764 865 836 901 ullo
851 865 960 900 modo
975 866 1061 901 utile
1072 877 1150 901 esse
1164 873 1295 912 posset.
1313 866 1355 899 In
1367 862 1471 899 Pluto

533 933 603 955 non
615 932 743 969 pauca,
756 931 837 967 quae
845 919 1131 956 Hemsterhusius
1146 931 1191 954 ex
1201 919 1274 954 suis
1288 916 1472 953 codicibus

534 975 651 1010 minus
666 974 863 1010 emendatis
880 972 1060 1019 ediderat,
1079 973 1220 1009 correxi
1234 980 1270 1008 et
1290 971 1472 1014 nonnulla,

533 1041 613 1077 quae
628 1029 680 1065 illi
697 1027 960 1078 inexplicabilia
978 1027 1214 1073 videbantur,
1244 1025 1473 1063 Laurentiani

532 1083 615 1119 libri
645 1095 715 1132 ope
743 1082 920 1132 expedivi.
952 1081 1136 1119 Vocabula
1161 1080 1475 1117 Graeco-barbara

533 1138 600 1173 aevi
615 1138 721 1186 longe
736 1149 843 1185 quam
863 1139 1052 1173 Ravennas
1065 1144 1101 1173 et
1116 1139 1273 1172 venetus
1299 1134 1475 1170 inferioris

533 1193 667 1241 passim
685 1192 814 1238 infert,
833 1200 874 1229 ut
892 1190 1065 1243 τριτζίριον
1084 1191 1132 1228 ad
1150 1192 1238 1228 Plut.
1260 1203 1325 1235 172
1340 1218 1349 1236 ,
1365 1199 1401 1227 et
1418 1191 1475 1232 ζα-

534 1245 732 1295 ρομάγουλον
749 1245 837 1284 ibid.
856 1248 938 1284 266.

583 1300 823 1337 Laurentiano
838 1301 951 1338 altero
961 1300 1030 1350 (Γ)
1048 1313 1133 1338 usus
1149 1314 1229 1337 sum
1245 1300 1290 1336 ad
1302 1299 1476 1335 Ecclesia-

533 1366 646 1391 zusas.
672 1358 834 1391 Laconas
849 1353 958 1392 habet
973 1366 1046 1391 non
1069 1367 1200 1403 paucas
1215 1363 1252 1391 et
1270 1354 1356 1389 nihil
1382 1365 1476 1401 prae-

534 1407 613 1443 buit
634 1407 732 1456 quod
745 1419 820 1445 non
839 1421 863 1446 e
886 1411 1095 1446 Ravennate
1114 1410 1189 1457 peti
1217 1409 1383 1457 potuerit.
1414 1411 1477 1443 Est

533 1463 739 1499 chartaceus
753 1462 865 1500 seculi
880 1463 1000 1512 quarti
1010 1463 1150 1500 decimi.
1167 1466 1293 1499 Insunt
1308 1469 1477 1510 praeterea

535 1516 663 1553 sabulae
674 1517 835 1566 quinque
846 1543 856 1562 ,
873 1517 937 1555 sed
950 1518 1038 1566 ipsae
1056 1528 1199 1566 quoque
1212 1518 1301 1553 locis
1317 1517 1478 1565 plurimis

535 1570 702 1613 desecte,
724 1571 968 1609 Acharnenses
981 1598 992 1619 ,
1019 1571 1183 1620 Equites,
1205 1576 1317 1616 Aves,
1338 1574 1476 1618 Vespae,

516 1620 610 1659 'Pax
624 1652 635 1669 ,
674 1636 755 1662 cum
788 1625 1008 1662 scholiorum
1045 1626 1224 1675 excerptis
1251 1625 1478 1661 vitiosissime

535 1679 678 1728 scriptis
699 1687 736 1715 et
762 1678 852 1716 nihil
873 1690 1023 1728 usquam
1039 1679 1126 1717 boni
1154 1678 1477 1728 suppeditantibus.

537 1732 634 1779 quod
658 1743 732 1770 non
760 1743 806 1769 ex
831 1730 932 1769 libris
958 1732 1222 1781 antiquioribus
1241 1732 1289 1769 ab
1313 1745 1369 1769 me
1388 1745 1477 1769 sunu

539 1786 707 1834 potuerit.

586 1840 858 1878 Mediolanensis
887 1842 983 1888 (Μ.)
1015 1841 1253 1889 bombycinus
1288 1849 1342 1879 est
1371 1842 1478 1879 seculi

537 1896 653 1943 quarti
682 1895 820 1930 decimi.
860 1898 987 1932 Insunt
1010 1897 1158 1943 Plutus,
1192 1896 1333 1942 Nubes,
1358 1900 1478 1942 Ranae,

537 1950 681 1996 Equites
693 1976 704 1996 ,
723 1952 816 1985 Aves
838 1962 920 1986 cum
938 1952 1115 1998 excerptis
1131 1953 1348 1988 scholiorum
1371 1951 1479 1988 modo

537 2003 771 2052 amplioribus
795 2005 904 2041 modo
923 2004 1169 2052 brevioribus,
1190 2019 1234 2043 ex
1255 2006 1386 2054 quibus
1409 2019 1479 2054 po—

537 2060 662 2094 tiorem
689 2058 853 2095 lectionis
877 2059 1120 2097 diversitatem
1146 2060 1190 2096 ad
1210 2063 1325 2096 Ranas
1352 2061 1478 2096 attuli:

537 2125 579 2148 ex
600 2124 670 2159 qua
681 2113 897 2159 intelligetur
909 2113 1068 2150 codicem
1084 2115 1246 2162 quamvis
1259 2115 1479 2151 emendatio-

539 2179 610 2201 rcm
632 2166 826 2215 exemplari
844 2167 1000 2212 Aldina,
1029 2177 1145 2205 tamen
1173 2169 1375 2206 inferiorem
1404 2183 1479 2207 esse

540 2225 746 2257 Ravennate
754 2224 964 2269 Venetoque
975 2230 1010 2258 et
1020 2223 1106 2258 nihil
1120 2224 1206 2259 utile
1215 2222 1374 2272 praebere
1382 2224 1480 2272 quod

540 2287 610 2310 non
630 2275 675 2310 sit
693 2274 739 2311 ab
751 2275 820 2312 illis
838 2274 938 2311 libris
954 2285 1178 2324 occupatum.

587 2330 774 2365 Proximus
786 2337 867 2377 post
879 2328 990 2366 libros
1000 2331 1153 2378 scriptos
1169 2331 1269 2368 locus
1281 2333 1402 2370 Suidae
1412 2333 1479 2369 de·-

539 2384 654 2427 hetur‚
668 2383 728 2431 qui
742 2395 904 2431 magnam
914 2384 1129 2420 scholiorum
1141 2394 1276 2433 partem
1292 2387 1328 2422 in
1341 2388 1478 2424 lexicon

539 2451 642 2474 suum
660 2438 852 2483 transtulit,
868 2437 1073 2485 codicibus,
1095 2447 1134 2474 ut
1147 2452 1244 2476 nunc
1258 2441 1478 2477 manifestum

538 2493 591 2538 fit,
606 2504 691 2528 usus
710 2492 772 2540 qui
784 2492 980 2529 Ravennati
998 2495 1207 2542 venetoque
1223 2495 1388 2531 simillimi
1407 2497 1481 2531 fue-

540 2555 645 2584 runt:
662 2554 699 2581 ut
713 2558 787 2582 non
804 2546 1004 2584 mirandum
1022 2547 1068 2583 sit
1083 2548 1252 2585 lectiones
1269 2561 1383 2594 veras,
1401 2561 1481 2597 quae

540 2601 659 2638 Suidae
676 2600 831 2647 propria
845 2601 915 2636 sint
927 2627 937 2644 ‚
961 2610 1041 2649 post
1059 2615 1227 2639 excussos
1243 2603 1290 2639 ab
1307 2604 1411 2640 uobis
1434 2605 1479 2640 li-

540 2654 627 2692 bros
644 2654 723 2690 illos
739 2654 803 2689 vix
815 2661 869 2689 tot
881 2654 1037 2703 singulas
1051 2668 1234 2704 superesse
1248 2666 1338 2705 quot
1357 2666 1479 2694 cente—

541 2720 604 2745 nas
617 2720 663 2744 ex
682 2719 725 2744 eo
745 2714 866 2755 petere
885 2708 1087 2754 potuissent
1106 2711 1246 2755 priores
1262 2710 1480 2747 scholiorum

541 2763 695 2800 editores
706 2788 718 2809 ,
734 2761 762 2797 si
778 2761 951 2810 praeclaro
965 2761 1035 2798 hoc
1052 2763 1206 2809 antiquae
1221 2764 1384 2800 lectionis
1403 2766 1481 2802 the-

541 2828 648 2854 sauro
676 2814 880 2864 diligentius
908 2816 959 2851 uti
992 2817 1194 2852 voluissent.
1235 2818 1337 2854 Licet
1374 2819 1483 2866 igitur

541 2870 645 2907 valde
667 2870 853 2905 imminuta
869 2881 964 2905 nunc
982 2870 1028 2905 sit
1044 2871 1162 2907 Suidse
1180 2872 1312 2909 utilitas
1326 2899 1337 2917 ,
1367 2881 1481 2909 tamen

541 2937 661 2975 operte
679 2924 834 2972 pretium
851 2935 927 2961 esse
947 2925 1070 2972 putavi
1092 2925 1280 2962 lectionem
1306 2925 1382 2974 ejus
1406 2927 1483 2975 ple-

543 2992 694 3027 rumque
720 2987 893 3016 annotare
905 3006 916 3026 ,
947 2992 1059 3028 quum
1092 2982 1287 3029 praesertim
1321 2983 1481 3019 nonnihil

543 3034 703 3073 conferat
713 3033 760 3070 ad
770 3033 934 3070 codicum
951 3043 1155 3071 nostrorum
1172 3036 1258 3072 vitia
1273 3038 1484 3086 corrigenda

543 3099 580 3126 et
595 3088 751 3127 vicissim
766 3099 813 3123 ex
838 3087 925 3136 ipsis
949 3088 1126 3125 interdum
1151 3091 1332 3127 emendari
1357 3093 1483 3141 possit,

544 3144 642 3182 velut
666 3155 694 3179 s.
717 3154 753 3179 v.
776 3142 1110 3191 ᾶγκειωρδυλημένος,
1139 3144 1200 3179 ubi
1221 3147 1364 3193 Cypriae
1388 3148 1484 3183 vocis

545 3197 686 3247 κορδύλη
703 3197 801 3233 testis
815 3196 965 3232 affertur
981 3196 1096 3246 Κρέων
1112 3199 1145 3233 ἐν
1161 3197 1192 3234 α’
1209 3201 1273 3234 τῶν
1295 3201 1484 3250 ῥητορικῶν,

545 3252 642 3299 quod
671 3263 776 3286 nemo
802 3249 979 3286 dubitabit
1007 3252 1094 3298 quin
1122 3264 1164 3288 cx
1193 3251 1326 3288 scholio
1347 3258 1484 3290 Veneto

547 3304 639 3341 Nub.
666 3317 707 3338 10
723 3304 967 3352 corrigendum
984 3304 1033 3340 sit
1051 3306 1262 3354 Κυπριακῶν.

597 3364 692 3395 Inter
708 3359 818 3395 libros
831 3361 923 3407 typis
940 3360 1128 3408 impressos
1142 3362 1254 3409 prima
1268 3371 1322 3399 est
1331 3362 1483 3399 scholio-

549 3426 627 3452 rum
655 3412 765 3449 editio
791 3414 914 3449 Aldina
944 3428 975 3451 a.
1009 3417 1098 3460 1498
1122 3429 1249 3453 novem
1284 3417 1483 3454 fabularum

1307 3576 1328 3583 .-

1526 594 1645 627 Marco
1655 594 1805 626 Musuro
1818 591 1975 627 Cretensi
1994 597 2126 634 curata,
2144 589 2205 637 qui
2221 589 2289 624 hoc
2305 589 2340 623 in
2352 602 2461 636 opere

1524 644 1645 680 cadem
1663 652 1822 680 versatus
1843 651 1896 680 est
1922 643 2062 679 levitate
2088 655 2191 691 quam
2221 655 2266 678 ex
2290 643 2461 680 Atheuaeo

1524 706 1560 735 et
1577 698 1751 745 Hesychio
1766 699 1917 746 turpiter
1931 698 1976 734 ab
1988 712 2032 735 eo
2047 697 2270 745 interpolatis
2285 698 2461 745 cognitam

1525 753 1707 790 habemus.
1738 757 1818 802 Ipse
1832 753 1878 790 de
1892 766 2000 801 opera
2019 755 2054 790 in
2072 753 2216 789 scholiis
2234 752 2279 787 ab
2298 765 2334 787 se
2349 753 2464 799 posita

1525 808 1600 848 haec,
1618 820 1732 856 pauca
1747 808 1891 843 tradidit
1915 809 1950 844 iu
1979 808 2183 856 praefatione
2210 820 2219 841 :
2242 805 2320 842 «Τὰ
2340 805 2369 841 δ’
2384 808 2464 841 ὑπο-

1527 861 1681 910 μνήματα
1697 861 1792 898 ταυτὶ
1813 862 1868 898 καὶ
1885 860 1983 899 πόνου
1999 862 2120 898 πολλοῦ
2143 860 2199 897 καὶ
2227 859 2343 911 χρόνου
2365 860 2466 896 ἐδεῖτο

1527 920 1664 967 μακροῦ,
1685 916 1716 951 εἴ
1733 931 1780 958 τις
1795 916 1876 952 αὐτὰ
1885 916 1963 966 πρὸς
1979 916 2016 952 τὸ
2035 917 2158 965 βέλτιον
2171 914 2331 966 ἐγχειροίη
2342 917 2465 964 μεθαρ-

1529 972 1691 1021 μόσασθαι
1720 975 1844 1021 σχῆμα.
1878 968 1923 1008 «liv
1956 972 2088 1023 θατέρου
2115 971 2172 1020 μὲν
2199 971 2465 1021 ἐπικρατήσαμεν

1527 1026 1633 1063 καίτοι
1658 1026 1835 1076 κρείττονος
1858 1026 1880 1069 ἢ
1905 1026 2021 1076 φέρειν.
2051 1026 2125 1078 περὶ
2153 1026 2261 1064 στενὸν
2279 1025 2314 1062 δέ
2335 1040 2390 1074 μοι
2409 1038 2467 1061 κο·-

1529 1081 1608 1128 μιδῆ
1627 1079 1667 1117 τὰ
1683 1084 1738 1115 τοῦ
1749 1079 1864 1129 χρόνου
1879 1079 2010 1125 συνὲὅη.
2029 1083 2065 1117 οὗ
2085 1079 2147 1130 γὰρ
2167 1079 2261 1129 μόνον
2277 1079 2334 1120 τὰς
2351 1079 2466 1126 ἐξηγή-

1529 1149 1593 1175 σεις
1619 1134 1772 1185 συνείρειν
1797 1134 2069 1185 ἠργολαὸήσαμεν
2092 1133 2280 1185 πεφυρμένα
2305 1133 2404 1178 τέως,
2426 1135 2469 1175 ὡς

1529 1187 1599 1224 ἴστε
1619 1202 1680 1225 που
1698 1188 1754 1224 καὶ
1775 1188 1875 1233 αὐτοὶ,
1895 1187 1977 1224 ἀλλὰ
1995 1189 2050 1225 καὶ
2067 1188 2267 1230 τυπωθείσας
2281 1188 2345 1233 ἤδη
2360 1190 2468 1223 ἐπετε-

1528 1242 1701 1292 τράμμεθα
1720 1243 1862 1292 διορθοῦν
1874 1253 1882 1262 ·
1903 1245 1937 1279 αἱ
1956 1242 1990 1278 δὲ
2012 1244 2077 1281 τῶν
2106 1243 2342 1293 χαλκογράφων
2361 1241 2468 1292 ἁμαρ-

1530 1297 1595 1332 τίαι
1615 1295 1739 1345 κάρηνά
1757 1298 1820 1333 εἶσι
1838 1297 1972 1347 λερναῖα
1986 1300 2045 1341 τῆς
2070 1297 2273 1347 παλιμφυοῦς
2292 1295 2387 1345 ὕδρας
2408 1310 2469 1332 πο-

1531 1349 1759 1402 λυπλοκώτερα
1792 1352 1849 1387 καὶ
1878 1353 1936 1395 τῆς
1958 1351 2069 1388 Ἰόλεω
2103 1351 2287 1400 ἐπικουρίας
2321 1350 2468 1397 δεόμενα.

1529 1401 1596 1453 ὅσῳ
1611 1404 1674 1453 γὰο
1691 1402 1913 1451 ἐξεκᾶπτομεν,
1925 1405 2046 1453 τοσῷδε
2061 1404 2188 1445 πλείους
2209 1408 2288 1452 ἡμῖν
2300 1403 2471 1452 ἀνεφύοντο

1531 1461 1585 1493 τοῦ
1595 1458 1632 1493 τὸ
1645 1456 1705 1504 μὲν
1723 1458 1948 1505 μεταὸάλλειν,
1961 1457 1999 1495 τὸ
2013 1457 2048 1494 δὲ
2059 1458 2276 1507 προστιθέναι,
2285 1458 2322 1494 τὸ
2340 1458 2368 1493 δ’
2380 1459 2472 1507 ἀφαι-

1532 1514 1656 1561 ρεῖσθαι
1671 1513 1735 1548 τῶν
1749 1512 1915 1561 στοιχείων
1936 1513 2091 1563 ἀφορμαί.
2103 1530 2117 1545 υ
2136 1516 2182 1549 Et
2195 1513 2231 1547 in
2247 1513 2316 1548 fine
2327 1513 2472 1561 Avium,

1531 1565 1805 1618 «Ἀριστοφάνους
1818 1568 2000 1616 κωμῳδιῶν
2016 1567 2097 1603 ἑπτὰ
2114 1567 2188 1615 (has
2204 1568 2301 1612 dicit,
2319 1568 2472 1613 Plutum,

1532 1620 1655 1657 Nubes
1669 1648 1680 1665 ‚
1698 1625 1815 1658 Ranas
1828 1648 1839 1666 ‚
1856 1622 2003 1670 Equites
2016 1649 2026 1666 ‚
2044 1622 2288 1658 Acharnenses
2300 1650 2311 1667 ‚
2329 1625 2472 1670 vespas,

1532 1675 1639 1720 Aves)
1658 1675 1713 1711 καὶ
1729 1690 1795 1712 των
1813 1689 1858 1717 εις
1869 1676 1968 1716 αυτὰς
1983 1676 2123 1724 οχολίων
2144 1676 2290 1726 ἀρχαίοις
2308 1675 2475 1713 συντεθέν-

1531 1749 1597 1772 των
1616 1749 1882 1785 γραμματικοις,
1911 1736 1934 1771 ἃ
1957 1734 1997 1779 δὴ
2020 1735 2185 1786 σποράδην
2209 1736 2242 1771 ἐν
2270 1734 2475 1785 ἀντιγράφοις
2527 1753 2529 1755 -

1532 1789 1666 1838 κείμενα
1699 1787 1861 1841 διαφόροις
1892 1788 1948 1825 καὶ
1976 1787 2186 1839 πεφυρμένους
2208 1787 2409 1825 συνείλεκται(
2438 1802 2475 1824 τε

1532 1842 1589 1879 καὶ
1614 1845 1659 1886 ὡς
1690 1838 1755 1880 οἶόν
1784 1842 1816 1879 τ’
1843 1838 1883 1887 ἦν
1913 1842 2153 1891 ἐπιμελέστατα
2182 1841 2361 1892 διώρθωται
2385 1842 2476 1891 παρὰ

1534 1896 1670 1947 Μάρκου
1679 1896 1870 1946 Μουσούρου
1885 1900 1940 1933 τοῦ
1954 1896 2092 1947 Κρητός.
2105 1912 2120 1928 n
2140 1896 2287 1944 Majoris
2304 1897 2476 1932 momenti

1532 1959 1616 1987 sunt
1631 1963 1711 1999 quae
1735 1964 1780 1987 ex
1797 1950 1953 1987 editione
1977 1951 2056 1999 ipsa
2073 1962 2154 1987 cum
2177 1951 2309 1986 nostris
2327 1962 2476 1998 compa-

1533 2011 1612 2042 rata
1627 2005 1813 2041 codicibus
1829 2004 1948 2052 colligi
1962 2012 2124 2052 possunt.
2154 2009 2271 2052 Atque
2287 2005 2372 2040 illud
2393 2006 2474 2053 qui-

1534 2058 1615 2095 dem
1629 2060 1713 2095 satis
1726 2058 1948 2094 manifestum
1962 2066 2028 2104 est,
2043 2058 2183 2104 Aldum,
2194 2067 2234 2094 ut
2248 2060 2286 2095 in
2296 2060 2477 2108 plerisque

1532 2113 1701 2149 omnibus
1720 2113 1935 2159 scriptorum
1960 2112 2180 2149 editionibus
2206 2114 2337 2149 sactum
2362 2113 2408 2149 ab
2433 2126 2478 2149 eo

1534 2167 1716 2212 videmus,
1737 2167 1788 2202 ita
1805 2166 2057 2214 Aristophanis
2073 2178 2218 2214 quoque
2230 2179 2304 2203 non
2319 2175 2476 2203 vetustas

1531 2221 1768 2269 :inquisivisse
1785 2220 2030 2264 membranas,
2060 2219 2124 2258 sed
2149 2221 2352 2258 recentibus
2371 2222 2475 2258 codi-

1532 2274 1636 2312 cibus
1657 2275 1855 2311 chartaceis
1867 2301 1877 2319 ,
1896 2274 2124 2323 quantumvis
2142 2276 2278 2312 vitiosis
2292 2304 2302 2321 ‚
2331 2277 2383 2312 uti
2403 2289 2479 2312 ma-

1532 2330 1662 2375 luisse,
1688 2331 1749 2378 qui
1763 2330 1826 2365 vili
1849 2331 1966 2377 pretio
1992 2329 2117 2365 haberi
2134 2331 2357 2376 correctique
2375 2339 2479 2379 typo—

1534 2384 1641 2420 thetis
1655 2383 1746 2421 tradi
1762 2391 1920 2432 possent,
1944 2382 2038 2419 libro
2055 2391 2171 2419 autem
2189 2385 2284 2432 typis
2299 2386 2479 2433 exscripto

1534 2446 1702 2487 tanquam
1721 2438 1810 2474 nulli
1830 2435 1981 2485 amplius
1993 2438 2074 2474 usui
2091 2438 2201 2473 futuri
2217 2437 2476 2485 abjicerentur:

1533 2493 1629 2529 unde
1649 2492 1751 2529 facile
1772 2492 1944 2540 explicari
1960 2500 2079 2539 potest
2096 2491 2195 2540 quod
2212 2491 2388 2528 editiones
2414 2493 2477 2528 Al-

1533 2546 1637 2592 dinae,
1652 2547 1682 2583 si
1694 2548 1738 2584 ad
1751 2547 1893 2583 codices
1904 2547 2103 2594 exigantur,
2114 2558 2186 2594 non
2199 2553 2270 2581 tam
2284 2557 2367 2582 cum
2379 2546 2478 2582 libris

1534 2603 1683 2639 vetustis
1697 2614 1803 2651 quam
1815 2614 1896 2638 cum
1912 2601 2106 2638 chartaceis
2122 2601 2235 2637 infimi
2248 2601 2317 2637 aevi
2331 2612 2479 2636 consen-

1535 2656 1602 2693 tire
1613 2656 1851 2705 reperiuntur,
1869 2668 1934 2692 nec
1943 2656 2142 2692 mirandum
2159 2654 2384 2704 exemplaria,
2397 2655 2479 2703 qui·

1535 2708 1604 2746 bus
1624 2709 1738 2746 Aldus
1756 2722 1841 2747 usus
1858 2718 1913 2745 est
1925 2738 1936 2756 ,
1962 2711 2010 2746 ita
2025 2710 2211 2747 evanuisse
2228 2717 2268 2745 ut
2289 2709 2349 2744 vix
2367 2720 2475 2745 unum

1535 2764 1759 2811 alterumque
1770 2763 1975 2811 investigari
1990 2776 2012 2799 a
2022 2763 2174 2812 posteris
2189 2763 2346 2811 potuerit
2358 2775 2368 2797 :
2382 2762 2478 2810 quod

1536 2817 1574 2852 in
1595 2817 1721 2854 codice
1738 2817 1907 2865 Hesychii
1934 2818 2120 2854 Marciano
2149 2818 2305 2866 propitia
2334 2816 2476 2852 fortuna

1534 2873 1675 2910 accidit.
1707 2872 1877 2910 Codicum
1904 2871 1989 2911 vero
2013 2873 2265 2922 Aristophanis
2292 2886 2313 2909 a
2333 2876 2478 2909 Musuro

1536 2939 1787 2976 expressorum
1797 2939 1909 2976 genus
1926 2927 2061 2975 duplex
2080 2927 2168 2962 fuit:
2190 2927 2249 2963 alii
2264 2927 2360 2963 enim
2374 2925 2476 2963 scho-

1535 2982 1583 3019 lia
1600 2989 1720 3020 vetera
1735 2990 1820 3019 sunt
1844 2982 2046 3029 complexi,
2071 2981 2133 3017 alii
2153 2981 2477 3018 recentissimorum

1536 3038 1846 3086 grammaticorum
1860 3037 2107 3073 annotationes
2131 3034 2381 3083 praebuerunt,
2411 3048 2476 3071 co-

1537 3092 1710 3142 piosiores
1728 3091 1773 3128 ad
1786 3092 1941 3135 Plutum,
1956 3090 2089 3134 Nubes,
2106 3094 2236 3135 Ranas,
2252 3102 2331 3138 quae
2350 3090 2478 3125 fabulae

1538 3146 1778 3197 praeeuntibus
1807 3146 2046 3194 grammaticis
2069 3144 2272 3192 Byzantinis
2305 3152 2379 3179 tum
2407 3143 2478 3179 fert·

1537 3201 1620 3238 solae
1653 3201 1794 3236 tractari
1822 3201 1858 3235 in
1883 3200 2013 3235 scholis
2039 3198 2224 3244 solebant,
2250 3198 2401 3233 rariores
2435 3197 2476 3231 :ul

1537 3255 1692 3303 reliquas
1713 3254 1916 3291 comoedias.
1945 3256 2081 3289 Horum
2106 3251 2278 3288 librorum
2307 3251 2439 3286 scholia
2458 3263 2476 3286 a

1538 3313 1685 3345 Musuro
1709 3321 1781 3344 non
1808 3320 1888 3343 raro
1908 3310 1956 3343 ita
1977 3315 2060 3344 sunt
2089 3305 2330 3354 conglutinata
2366 3313 2405 3339 ut
2431 3305 2476 3340 ab

1538 3375 1610 3399 uno
1641 3363 1836 3410 eodemque
1849 3362 2095 3409 -grammatico
2127 3362 2259 3407 scripta
2288 3359 2473 3395 videantur

1538 3429 1617 3464 quae
1639 3417 1829 3453 multorum
1846 3418 2048 3453 seculorum
2060 3415 2248 3452 intervallo
2264 3420 2346 3449 sunt
2360 3412 2476 3462 dispa-
