2931 4012
606 428 680 466 ⁴66

653 509 700 556 96
717 507 768 543 sic
779 508 823 544 R.
846 514 882 542 et
893 505 1019 543 suidas
1035 517 1063 541 s.
1081 504 1247 554 Φλαῦρον.
1265 501 1410 548 ἀναιδὲς,
1424 501 1474 549 8.,
1485 501 1538 550 φλ.

602 561 678 598 Ald.
695 562 763 613 φλ.,
783 559 921 606 ἀναιδὲς,
936 559 966 595 δ.
981 561 1025 597 V.

652 632 712 666 97,
732 630 775 663 27
792 630 845 665 sq.
857 615 1008 666 Ὅμηρος
1027 642 1035 650 .
1052 644 1060 652 .
1076 641 1086 651 .
1110 614 1167 658 δης
1177 612 1329 655 ὀλόλυξαν
1341 615 1384 649 R.
1398 609 1540 658 reliquis

603 673 753 709 omissis.
780 670 1008 708 scribebatur
1024 668 1095 704 ἀλλ’
1118 667 1285 717 εὔχεσθαι,
1303 675 1339 702 et
1365 663 1542 715 Εὐριπίδης

602 726 765 777 ἔρχεσθαι.
784 742 798 757 τι
809 728 894 771 Quae
909 723 1061 760 correxi.
1084 726 1125 759 In
1142 722 1262 758 verbis
1279 720 1459 769 Euripidis
1477 718 1544 754 sor-

604 791 693 818 tasse
718 778 897 823 ὀλολύξατ’,
923 780 952 815 si
979 778 1067 826 quid
1091 777 1317 813 tribuendum
1346 775 1542 822 fragmento

602 836 725 872 scholii
747 834 962 872 Ravennatis
978 831 1166 875 ὀλόλυξαν.»
1190 834 1304 868 Dum.
1333 853 1372 860 -
1398 841 1443 875 29
1465 826 1541 875 ἔλθῃ

603 889 676 935 θεὰ,
694 891 817 940 χρυσῆν
835 888 1025 926 Seidlerus.
1046 886 1163 936 ἐλέχθη
1182 884 1315 935 (Θελχθῇ
1332 881 1543 931 anonymus)

603 943 659 981 θεὰ
674 947 694 989 ἡ
708 943 826 993 χρυσὸν
842 946 885 980 V.

653 1012 720 1045 99,
739 999 780 1034 31
806 996 1030 1033 scribebatur
1048 996 1188 1045 Λαυρὰς.
1208 993 1342 1030 ἐκάλουν
1359 1005 1429 1029 om.
1444 994 1487 1028 R.
1505 1019 1544 1026 -

606 1054 650 1088 32
663 1046 716 1095 ἦν.
743 1049 816 1091 τοὺς
832 1050 910 1087 Α111.
928 1049 1167 1099 ῥυπαροτόπους
1182 1051 1226 1084 V.
1243 1076 1282 1082 -
1300 1049 1343 1089 34
1365 1046 1439 1082 Α111.
1461 1043 1545 1081 κάν-

605 1108 712 1156 Θαρον,
727 1104 782 1141 καὶ
797 1103 1032 1140 κατασπάσωσι
1046 1104 1137 1140 κάτω
1150 1101 1307 1139 δυσωδίαν
1322 1099 1469 1137 πνέοντα.

657 1174 669 1196 1
678 1174 738 1206 07,
753 1166 793 1202 41
813 1159 1084 1206 Λακεδαιμονίους
1097 1162 1139 1194 R.
1151 1187 1190 1194 ..
1204 1159 1247 1200 43
1258 1158 1304 1206 τῷ
1315 1155 1420 1205 Μήδῳ
1429 1154 1545 1203 aptius

604 1224 684 1264 post
697 1213 959 1263 ἀπαγγέλλοντας
977 1212 1219 1250 collocabitur.
1237 1215 1349 1248 Dum.

657 1270 723 1304 108
734 1297 744 1314 ,
762 1269 807 1311 48
825 1270 890 1304 τῶν
911 1266 1036 1303 πόλεων
1053 1267 1133 1303 ΑΙ11.
1152 1295 1189 1302 -.
1209 1272 1255 1312 49
1270 1264 1379 1304 αὐτοὺς
1395 1262 1467 1299 οὔτε
1481 1276 1545 1298 πο-

604 1321 708 1373 ρεύσει
727 1322 779 1372 ὑφ’
798 1324 916 1358 ἑαυτῶν
932 1325 994 1365 V.,
1009 1333 1050 1357 ex
1071 1321 1205 1357 scholio
1221 1333 1254 1356 v.
1271 1333 1349 1366 109.

657 1392 668 1413 1
682 1384 736 1422 14,
753 1390 798 1413 22
817 1371 881 1426 ἦρ’,
897 1377 941 1413 23
955 1375 992 1411 τὸ
1008 1375 1041 1417 ἐξ
1054 1378 1095 1410 V.
1110 1374 1206 1410 Idem
1223 1368 1272 1423 ἆρ’
1291 1373 1415 1420 ἔτυμος.
1434 1371 1547 1407 Perie-

603 1440 687 1467 runt
698 1432 752 1467 hae
770 1431 881 1466 literae
895 1431 933 1465 in
951 1433 1012 1473 R„
1034 1428 1096 1476 qui
1116 1428 1219 1478 φάτιν.
1241 1431 1286 1463 V.
1306 1426 1429 1476 φάτειν.
1445 1455 1484 1462 -.
1500 1429 1543 1465 24

604 1480 695 1535 εὗρον
719 1488 762 1520 R.
793 1497 859 1533 pro
877 1483 989 1531 ἔγνων.
1011 1483 1126 1523 Αἴολος
1152 1486 1191 1518 V.
1215 1481 1325 1529 (quod
1349 1494 1391 1517 ex
1402 1480 1498 1517 Αἴολε
1516 1478 1546 1516 σ’

604 1546 815 1586 corruptum
850 1551 926 1573 esse
961 1549 1065 1585 posse
1103 1536 1353 1572 animadvertit
1385 1534 1545 1569 Dindor-

604 1593 697 1641 iius),
715 1605 785 1628 0111.
799 1595 842 1627 R.

657 1659 722 1691 117
734 1674 744 1692 ,
773 1645 889 1689 25-27
915 1644 965 1679 sic
982 1643 1019 1678 iu
1041 1646 1099 1686 R„
1112 1641 1183 1678 ἀντὶ
1201 1644 1257 1677 τοῦ
1275 1641 1356 1689 μετὰ
1377 1642 1492 1691 ὀρνέων
1510 1664 1547 1671 -

604 1699 761 1741 ἀπιόντες.
787 1698 854 1735 δεὸν
867 1698 946 1747 [sic]
957 1698 1058 1733 εἰπεῖν
1070 1698 1113 1738 εἷς
1127 1695 1271 1746 οὐρανόν.
1282 1724 1320 1732 ...
1338 1699 1382 1731 26
1396 1698 1459 1732 τῶν
1478 1710 1546 1732 om.

604 1758 648 1791 R.
667 1754 747 1791 Ald.
767 1752 817 1789 ὅτι
830 1752 967 1788 addidit
977 1751 1145 1788 Dindorl'.
1163 1780 1201 1787 -.
1218 1764 1263 1798 29
1281 1753 1375 1786 τοῦτο
1388 1754 1427 1787 V.
1444 1780 1483 1787 -.
1502 1752 1546 1786 36

603 1809 682 1858 πρὸς
698 1808 756 1852 τὴν
770 1808 896 1843 codex.

659 1877 737 1907 121,
753 1869 797 1905 42
814 1871 895 1911 post
912 1860 1074 1911 ἐχρήσατο
1089 1861 1191 1909 ponit
1207 1863 1250 1895 R.
1267 1883 1306 1890 —
1320 1861 1364 1902 43
1379 1858 1483 1900 ἄλλως
1499 1863 1542 1895 V.

604 1916 673 1954 ἀντὶ
686 1920 743 1953 τοῦ
761 1917 853 1962 Ald.,
868 1915 966 1964 quod
983 1928 1055 1951 om.
1073 1918 1115 1951 R.
1501 1920 1505 1924 ’

655 1973 721 2007 123
732 2000 741 2017 ,
770 1972 809 2007 51
844 1979 925 2018 post
951 1969 1123 2018 λεγόμενον
1149 1982 1228 2017 quae
1252 1969 1478 2012 exciderunt,
1503 1980 1546 2004 ex

602 2026 736 2063 scholio
751 2025 877 2061 Aldino
890 2025 1049 2074 suppleri
1058 2033 1218 2074 possunt.
1228 2047 1267 2055 -
1278 2025 1322 2060 53
1335 2025 1362 2059 εἷ
1370 2025 1490 2059 -αἰτεῖ
1504 2027 1547 2059 V.

601 2080 640 2125 ἢν
660 2084 678 2118 ὁ
688 2086 765 2121 παῖς
776 2074 861 2116 οἶνον
879 2080 953 2129 αἰτῇ
964 2108 975 2126 ,
1000 2079 1153 2116 κόνδυλον
1176 2080 1263 2129 αὐτῷ
1278 2078 1364 2115 δίδου
1377 2079 1505 2116 Suidas
1518 2091 1545 2115 s.

604 2136 776 2172 Κόνδυλον.
803 2158 842 2164 -
871 2148 885 2170 1
915 2133 1065 2170 κόνδυλον
1090 2138 1133 2170 V.
1161 2134 1333 2170 Demetrii
1360 2134 1546 2170 lectionem

601 2191 700 2238 sequi
719 2190 861 2225 videtur
877 2189 1024 2224 Photius
1039 2201 1074 2237 p.
1095 2201 1175 2234 129,
1196 2189 1237 2223 15
1254 2203 1262 2223 :
1277 2188 1432 2229 κάνδυλος
1450 2189 1546 2237 (κάν-

601 2244 692 2285 δυτος
709 2243 853 2291 codex):
868 2242 1023 2278 σκευασία
1037 2241 1210 2292 ὀψοποιικὴ
1225 2243 1308 2290 μετὰ
1319 2242 1478 2290 γάλακτος
1492 2243 1546 2279 καὶ

602 2297 733 2338 στέατος
748 2297 803 2334 καὶ
819 2296 957 2344 μέλιτος.
975 2295 1052 2332 ἔνιοι
1068 2295 1102 2332 δὲ
1123 2295 1177 2331 διὰ
1194 2295 1295 2346 κρέως
1311 2295 1368 2331 καὶ
1380 2295 1477 2345 ἄρτου
1492 2296 1547 2332 καὶ

601 2356 706 2404 τυροῦ.
739 2351 839 2391 οὕτως
858 2350 1099 2401 Ἀριστοφάνης.
1128 2354 1242 2396 Quem
1260 2351 1377 2386 locum
1399 2351 1547 2388 sortasse

601 2420 673 2443 non
690 2406 863 2443 debebam
876 2406 968 2441 inter
985 2406 1180 2452 fragmenta
1193 2417 1326 2453 ponere
1338 2406 1419 2447 624.
1433 2408 1546 2442 Dum.

599 2490 637 2499 ...
657 2464 675 2498 3
690 2461 790 2498 addit
805 2464 848 2498 R.
864 2458 1005 2510 κολλύρα
1023 2458 1058 2495 δὲ
1071 2459 1109 2495 τὸ
1124 2458 1257 2496 ἔλαττον
1270 2463 1326 2496 τοῦ
1339 2458 1448 2510 ἄρτου.

634 2528 643 2535 ·
653 2523 735 2562 124,
753 2517 774 2551 6
796 2517 840 2555 εἷς
855 2514 994 2551 addidit
1008 2514 1229 2551 Dindorfius.

653 2571 739 2616 125,
754 2584 777 2617 9
792 2583 845 2619 sq.
865 2573 902 2606 οὗ
925 2568 1175 2621 γὰρ-ἀνέλθῃς
1193 2581 1265 2605 0111.
1284 2572 1326 2605 R.
1344 2597 1382 2605 ..-
1408 2572 1448 2606 13
1466 2583 1546 2618 sqq.

599 2625 807 2663 Insatiabilis
821 2634 872 2661 est
883 2626 982 2661 locus
995 2624 1178 2673 Euripidis
1189 2651 1199 2669 ,
1215 2637 1260 2660 ex
1277 2637 1350 2672 quo
1367 2626 1470 2673 plura
1481 2638 1542 2662 ex-
1572 2639 1575 2657 1

601 2679 724 2715 cidisse
740 2679 960 2714 manifestum
977 2686 1041 2715 est.
1060 2679 1180 2715 Codex
1204 2684 1243 2720 14
1256 2678 1348 2728 κράτ,
1371 2679 1412 2714 15
1429 2678 1548 2730 πορεύ-
1571 2659 1574 2695 l

600 2747 660 2780 γει.
691 2735 733 2769 G.
762 2731 901 2781 πορεύει.
931 2731 1118 2783 βαρυστόνῳ
1143 2732 1279 2780 conjeci
1305 2733 1342 2767 in
1364 2734 1547 2769 Thesauro

601 2787 755 2834 HSteph.
774 2787 845 2821 vol.
865 2799 906 2830 2,
934 2799 970 2834 p.
994 2788 1062 2829 433
1075 2813 1084 2831 ,
1106 2792 1148 2823 A.
1169 2785 1287 2830 πτηνὸς
1306 2787 1456 2837 πορεύσει
1473 2801 1545 2824 11011

601 2841 713 2888 liquet
733 2848 851 2874 utrum
876 2841 998 2887 tragici
1019 2842 1089 2876 sint
1107 2840 1214 2877 verba
1234 2854 1277 2877 an
1298 2843 1546 2890 Aristophanis

601 2906 645 2930 ex
658 2906 763 2929 versu
783 2893 962 2940 proximo.
978 2897 1090 2929 Dum.

655 2948 743 2991 126,
771 2949 810 2982 16
830 2945 923 2991 νηὸς,
943 2960 980 2991 17
994 2951 1069 2988 ναῦς
1084 2951 1127 2983 V.
1149 2948 1225 2985 Ald.
1245 2947 1544 2996 λέγεται-πτηνόν

603 3004 692 3039 infra
709 3009 790 3051 post
804 3001 847 3040 ὥς
868 3001 912 3041 εἷς
928 3004 1004 3037 ναῦν
1026 3003 1126 3049 ponit
1143 3006 1205 3046 V.,
1220 3003 1282 3038 illa
1297 3011 1415 3038 autem
1437 3006 1544 3041 πῶλον

599 3058 758 3108 κάνθαρον
778 3056 918 3092 omittit.
936 3085 976 3092 ...
995 3069 1038 3103 19
1055 3054 1088 3091 δὲ
1107 3061 1232 3093 om.V.
1253 3086 1291 3093 -
1308 3072 1352 3094 20
1365 3062 1426 3094 ποῦ
1439 3058 1473 3095 δὲ
1488 3074 1546 3096 πε-
1570 3043 1574 3078 l

601 3111 823 3164 ραιωθήσομαι
832 3111 894 3158 qui
904 3111 1075 3160 legerunt,
1086 3111 1192 3151 πῶλος
1204 3112 1321 3149 delere
1333 3112 1543 3150 debuerunt.
1570 3130 1573 3143 ·

598 3171 713 3204 Dum.
732 3168 775 3209 ὡς
792 3168 836 3207 εἰς
853 3169 931 3202 ναῦν
948 3179 1017 3202 0111.
1034 3169 1076 3202 R.

651 3225 732 3267 130,
747 3234 790 3267 27
808 3220 867 3263 ἕως
885 3215 922 3257 οὗ
939 3215 1017 3266 ἦλθε
1030 3220 1192 3258 ΑΙ11.-31
1206 3220 1324 3267 ἀνέστη
1336 3226 1378 3258 V.
1390 3223 1479 3268 ἀνείη
1499 3228 1542 3261 R.

598 3276 771 3320 ἀνέστηκεν
792 3277 893 3323 ΑΙά.,
913 3288 992 3325 quae
1015 3274 1228 3321 ἀποσοὸήσων
1247 3289 1328 3313 011111
1345 3282 1387 3314 V.
1409 3305 1448 3313 -
1463 3279 1508 3314 32
1526 3281 1544 3315 ὁ
1568 3265 1572 3302 l

598 3331 676 3381 πρὸς
693 3335 736 3368 R.
754 3358 794 3365 -
816 3334 861 3369 33
879 3331 1019 3382 ὠφέλεια
1032 3335 1076 3370 V.

655 3387 733 3432 134,
750 3389 794 3424 38
808 3386 934 3423 νεόττια
948 3390 987 3423 V.
1001 3385 1115 3424 νοσσία
1131 3387 1209 3425 Δ111.

1338 420 1611 458 ADNOTATlo
1636 420 1684 456 IN
1713 419 1873 456 scuoL.

1646 502 1723 545 136,
1735 501 1781 538 39
1792 499 2050 552 πρακτυιιίπερος
2061 512 2131 538 om.
2145 503 2191 537 R.
2200 528 2243 537 ..
2258 505 2362 543 4001.
2374 504 2428 543 42
2442 498 2480 541 δὲ
2488 512 2560 537 0111-

1594 558 1637 592 R.
1657 559 1714 602 V.,
1731 555 1831 604 ἄμφω
1850 569 1922 592 0111.
1937 559 1979 592 R.

1648 624 1711 660 141
1723 644 1735 663 ,
1751 623 1796 663 47
1818 616 1929 662 ἐπειδὴ
1948 625 1983 654 et
1997 616 2189 666 ἐκνήχεσθαι
2208 619 2258 653 R.
2274 615 2453 666 νήχεσθαι
2470 616 2555 661 Ald„

1595 682 1674 718 quae
1685 680 1767 719 post
1778 670 1913 707 δύναται
1925 671 2024 707 addit
2038 669 2203 707 διαὸάλλιι
2220 669 2259 707 δὲ
2271 668 2317 706 τὰ
2330 669 2418 719 περὶ
2434 670 2556 721 Ἰκάρου

1594 723 1685 775 παρὰ
1708 728 1773 777 τῶν
1804 728 1966 776 τραγικῶν
1996 725 2164 774 λεγόμενα.
2191 753 2234 762 .-
2265 725 2316 761 52
2352 724 2557 770 ἐξαπατῆσαι

1596 779 1722 816 Suidas
1743 793 1771 817 s.
1789 778 2043 832 Τραγικςίπερος.
2061 783 2102 816 V.
2119 781 2177 816 ἀπ.
2198 778 2262 816 καὶ
2280 778 2405 828 ἐξὸνγ

1650 846 1731 887 142,
1748 852 1768 877 2
1781 841 1851 877 ἐστι
1862 841 1927 883 κῶς
1938 840 1976 877 τὸ
1996 844 2039 877 V.
2058 839 2126 877 ἐστὶ
2142 838 2267 890 κυρίως
2285 838 2330 876 τὸ
2343 843 2396 877 G.

1650 901 1730 943 143.
1749 901 1918 938 Scholion
1936 900 2103 937 Aldinum
2117 908 2171 936 est
2184 900 2294 935 πλοῖα
2307 892 2356 943 ἦν
2373 897 2465 935 οὕτω
2475 899 2558 947 λεγό-

1597 969 1691 1003 μενα,
1712 954 1877 1006 κάνθαροι,
1890 957 1923 993 ἐν
1938 954 2036 1006 Νάξῳ
2049 954 2204 1003 γινόμενα
2222 955 2267 1003 τῇ
2280 952 2401 1005 νήσῳ.
2419 953 2476 990 καὶ
2488 956 2554 991 Κνι-

1598 1010 1739 1059 δουργεῑς
1754 1009 1788 1046 δὲ
1804 1009 1903 1052 ἄλλας
1919 1014 1995 1052 ναῦς
2009 1008 2072 1046 ἀπὸ
2084 1009 2218 1047 Κνίδου.
2234 1008 2297 1044 καὶ
2310 1007 2383 1054 τὴν
2403 1007 2557 1058 Κέρκυραν

1598 1063 1661 1101 ἀπὸ
1675 1064 1854 1115 Κερκύρας,
1869 1065 1924 1102 καὶ
1939 1064 1998 1109 τὴν
2011 1063 2156 1115 Πάρωνα
2167 1063 2240 1100 ἀπὸ
2252 1062 2402 1113 Πάρου.
2414 1091 2456 1099 .-.
2466 1065 2488 1099 6
2502 1078 2558 1099 σω-

1598 1117 1692 1166 μικὸν
1712 1118 1886 1167 (συμμικὸν
1908 1120 1967 1168 G.)
1983 1118 2097 1169 τρόπος
2113 1117 2251 1170 τρόπων
2264 1117 2380 1168 φησὶν
2394 1120 2443 1154 V.
2464 1119 2556 1167 Apud

1599 1172 1744 1211 suidam
1761 1186 1789 1210 s,
1807 1172 2006 1224 Ναξιουργὴς
2031 1173 2075 1209 de
2095 1173 2163 1208 hac
2188 1172 2330 1208 scholii
2354 1180 2464 1220 parte
2480 1172 2555 1208 nihil

1598 1236 1759 1277 superest
1777 1236 1906 1277 praeter
1919 1227 2028 1264 vei-ba
2041 1223 2204 1278 Κρατῖνος
2221 1225 2259 1262 δὲ
2270 1226 2387 1274 λέγει.
2400 1225 2554 1274 Σαμιακὸν

1598 1281 1716 1332 τρόπον
1743 1295 1786 1318 ex
1814 1283 2032 1319 Archilochis
2049 1283 2184 1319 Cratini
2204 1289 2402 1317 memorat
2422 1282 2555 1317 Plautius

1600 1350 1634 1385 p.
1654 1339 1739 1384 498,
1769 1350 1825 1381 ιο,
1849 1350 2005 1385 quocum
2024 1344 2260 1385 comparetur
2281 1336 2555 1384 Hesychiusne

1601 1399 1754 1439 utroque
1771 1392 1862 1427 dixit
1878 1392 2017 1427 Naekius
2036 1395 2090 1427 De
2112 1391 2279 1427 Choerilo
2308 1403 2349 1439 p.
2376 1391 2456 1426 155.
2469 1419 2505 1426 -
2521 1403 2554 1425 10

1600 1444 1752 1495 εὓρούσας
1766 1446 1921 1481 correxit
1932 1445 2095 1482 Dindors.
2108 1458 2153 1481 ex
2166 1444 2286 1481 Suida
2299 1453 2341 1480 et
2351 1443 2465 1484 πόλεις
2475 1442 2554 1479 addi-

1599 1500 1651 1536 dit
1666 1513 1711 1536 ex
1725 1500 1862 1536 eodem.
1879 1499 2014 1551 εὖρόπας
2025 1504 2067 1535 V.
2085 1499 2221 1550 εὖρίπας
2233 1501 2282 1536 G.
2298 1522 2344 1530 —
2363 1512 2380 1535 1
2390 1512 2406 1534 1
2436 1500 2552 1548 ἀρχιτε-

1600 1553 1726 1594 κτονίας
1735 1554 1862 1591 ἐποίουν
1878 1555 2011 1591 Suidas.
2027 1554 2306 1604 ἀρχιτεκτονικὸς
2315 1557 2363 1591 V.
2375 1582 2417 1590 -
2431 1555 2472 1590 13
2482 1554 2551 1590 Κνι-

1585 1610 1755 1658 ,διουργεῖς
1773 1609 1838 1645 ἀπὸ
1858 1609 1978 1646 Κνίδου
1999 1609 2078 1646 libri
2096 1609 2220 1645 snidae
2240 1617 2382 1657 praeter
2400 1609 2505 1645 Paris.
2519 1612 2550 1642 Δ.

1601 1664 1655 1700 καὶ
1673 1663 1814 1714 κέρκυρα
1834 1664 1972 1701 Suidas.
1991 1693 2029 1699 -
2056 1663 2098 1698 15
2122 1663 2366 1700 scribebatur
2393 1663 2545 1710 κάνθαρος.

1601 1719 1775 1754 Bekkerus
1794 1731 1803 1755 :
1822 1719 1962 1767 «Hujus
1978 1719 2074 1754 vocis
2093 1718 2212 1766 prima
2234 1718 2384 1765 syllaba
2406 1731 2429 1754 a
2453 1729 2547 1752 corre

1601 1781 1700 1809 ctore
1715 1781 1779 1819 est,
1795 1775 1950 1810 secunda
1964 1786 2034 1809 non
2056 1787 2076 1809 α
2094 1773 2156 1808 sed
2173 1786 2195 1816 η
2214 1773 2398 1809 habuisse
2412 1771 2545 1808 videtur.

1600 1831 1722 1875 Neque
1737 1821 1808 1864 εἶπε
1826 1830 1937 1865 πλοῖον
1957 1841 2062 1864 voces
2075 1835 2159 1863 sunt
2172 1840 2194 1863 a
2212 1828 2338 1875 prima
2354 1840 2495 1863 manu.-
2509 1845 2544 1852 --

1605 1883 1648 1918 16
1672 1882 1727 1918 καὶ
1752 1883 1913 1920 additum
1939 1896 1985 1919 ex
2010 1882 2128 1919 suida.
2147 1902 2198 1909 —-
2231 1894 2276 1927 17
2299 1883 2346 1923 ὥς
2370 1881 2428 1918 καὶ
2446 1884 2484 1918 R.
2504 1878 2543 1915 διὰ

1600 1936 1714 1973 τούτου
1731 1940 1774 1974 V.
2413 1963 2417 1966 »

1655 1998 1735 2042 145,
1756 2010 1802 2033 22
1821 1997 2045 2034 scribebatur
2056 1995 2216 2038 κλειτούς.
2230 2017 2282 2025 -
2299 1998 2349 2033 25
2365 2010 2421 2046 sq.
2435 1998 2538 2036 Καλλι·

1600 2050 1779 2102 ’‘pirric—3}
1799 2053 1975 2096 Μενεκλῆς.
1994 2052 2096 2088 Conf.
2115 2052 2231 2088 schol.
2256 2057 2320 2088 Av.
2342 2054 2428 2102 395.
2447 2073 2486 2081 -
2504 2051 2538 2087 26

1600 2125 1674 2176 περὶ
1694 2110 1730 2161 αΘ
1756 2123 1871 2175 γράφει
1885 2128 1929 2160 V.
1952 2128 2113 2160 Fortasse
2134 2125 2402 2172 corrigendum
2421 2124 2535 2168 Ἀθηνῦι

1601 2178 1844 2231 συγγράμματι.
1868 2183 1977 2215 Dum.
2002 2200 2051 2207 —-
2073 2192 2117 2224 27
2146 2179 2384 2217 scribebatur
2408 2179 2533 2218 κλειτοὺς·
2587 2214 2588 2231 ¹

1601 2271 1649 2276 —
1679 2250 1723 2285 28
1740 2251 1756 2283 ὁ
1770 2230 1847 2284 κοινΘ
1865 2251 1904 2284 V.
1920 2247 2075 2296 κάνθαρος
2093 2249 2137 2283 G.
2150 2266 2200 2274 —-
2222 2259 2271 2294 29
2284 2248 2391 2283 vocis
2409 2246 2533 2291 ἑξήκοντι

1602 2304 1681 2339 1000
1698 2303 1916 2339 desideratur
1933 2301 2079 2338 verbum
2089 2301 2254 2349 aliquod,
2273 2309 2316 2337 ut
2327 2301 2481 2347 ἐξῆσκητο
2492 2300 2531 2335 vel

1601 2365 1834 2417 ἐξῳκοδόμητο.
1849 2370 1961 2402 Dum.
1975 2392 2023 2398 -
2040 2367 2082 2401 31
2103 2359 2142 2409 ἦν
2154 2359 2191 2401 οῧ
2204 2366 2276 2417 ἐκρ.
2292 2368 2339 2402 V.
2356 2387 2405 2395 —
2425 2366 2465 2403 33
2475 2349 2530 2400 m·

1601 2435 1769 2486 (κάνθαρος
1787 2437 1845 2483 G.)
1863 2434 1962 2483 λιμὴν
1980 2434 2051 2483 οὐχὶ
2068 2441 2147 2471 κανθ
2160 2438 2207 2471 V.

1655 2509 1668 2531 1
1678 2502 1719 2540 47
1736 2499 1778 2531 V.
1789 2504 1959 2544 praeterea
1973 2495 2080 2531 habet
2092 2496 2248 2542 glossam
2261 2495 2350 2546 πρὸς
2360 2495 2433 2537 τοὺς
2442 2492 2529 2532 θεατάς

1601 2564 1692 2602 φησι,
1707 2563 1776 2586 0111.
1791 2554 1833 2588 G.
1851 2571 1899 2578 —
1915 2552 1957 2595 37
1976 2549 2072 2598 λόγος
2092 2552 2114 2594 ἡ
2133 2548 2290 2592 ὑπόθεσις
2318 2563 2367 2587 ex
2393 2550 2527 2586 hocloco

1572 2631 1575 2635 >
1602 2605 1704 2654 petiit
1750 2604 1876 2641 snidas
1906 2618 1933 2641 s.
1961 2602 2074 2653 Λόγος.
2097 2607 2142 2641 V.
2169 2604 2251 2641 haec
2286 2606 2342 2641 sic
2377 2603 2526 2649 labeni

1601 2654 1658 2709 υπθ
1679 2670 1712 2707 δὲ
1729 2654 1775 2707 λέ.
1789 2694 1827 2701 -
1846 2673 1891 2718 39
1909 2684 1961 2718 sq.
1977 2668 2110 2711 Ἄλλως.
2124 2670 2339 2707 ἀποτείνεται
2356 2684 2424 2707 0111.
2440 2675 2487 2715 R„
2502 2668 2527 2704 111

1600 2740 1672 2776 quo
1688 2735 1740 2763 est
1758 2725 1838 2762 διότι
1859 2726 1967 2777 δρᾶμα
1979 2727 2064 2761 ἐστιν
2080 2725 2262 2776 Εὐριπίδου
2282 2725 2527 2777 Βελλεροφόντης,

1600 2784 1633 2819 ἐν
1652 2777 1679 2833 ᾧ
1693 2781 1800 2831 χωλὸν
1816 2789 1882 2817 etc.

1654 2843 1740 2887 153,
1762 2843 1806 2884 48
1829 2840 1880 2880 ὅτι
1896 2854 1967 2878 om.
1988 2843 2032 2876 R.
2056 2864 2095 2871 —
2118 2847 2165 2888 49
2187 2839 2278 2878 οὕτω
2305 2870 2391 2881 ....
2418 2839 2528 2880 ‘Artemi

1599 2901 1642 2934 R.
1663 2895 1838 2945 κατωκάρα
1857 2894 2004 2943 λέγουσιν
2021 2894 2156 2931 Ἀττικοὶ
2174 2899 2219 2931 V.
2229 2897 2416 2948 κατωκάρα
2427 2896 2529 2946 λίπω

1600 2952 1751 2991 Ἀττικῶς
1763 2951 1842 2986 Ald.
1859 2976 1905 2982 .-
1925 2951 1981 2986 5ο.
2002 2954 2084 2986 Post
2112 2948 2167 3000 ὑφ’
2192 2948 2226 2986 ἕν
2250 2951 2293 2987 111
2318 2955 2363 2989 R.
2387 2951 2529 2989 nonnulla

1572 3029 1573 3032 =
1599 3015 1681 3043 sunt
1701 3006 1905 3049 obliterata3
1925 3012 1998 3040 tum
2016 3005 2177 3052 sequitur
2198 3005 2276 3041 ἀντὶ
2300 3011 2358 3044 τοῦ
2373 3004 2530 3055 νεμηθήσε-

1598 3077 1652 3101 ται
1663 3089 1673 3108 ,
1691 3056 1748 3111 τῖς
1766 3059 1913 3109 φήσεται.
1935 3063 2023 3105 Quae
2040 3060 2090 3095 sic
2108 3060 2338 3098 restituenda
2359 3074 2437 3098 esse
2453 3059 2529 3097 arbi·

1600 3126 1692 3163 tror,
1712 3115 1749 3152 τὸ
1768 3114 1803 3151 δὲ
1822 3113 2054 3163 βουκολήσεται
2071 3113 2143 3150 ἀντὶ
2165 3118 2224 3150 τοῦ
2247 3116 2449 3164 μεθήσεται,
2468 3116 2529 3152 ἄπν-

1598 3169 1829 3222 στραιρήσεται.
1860 3173 1973 3204 Dum.
2007 3169 2153 3216 δεσμοῖσι
2184 3168 2336 3207 δέδενται
2370 3171 2491 3207 suidas
2509 3180 2527 3204 s.

1597 3226 1796 3276 Κατωκάρα.
1815 3226 1977 3273 δεσμοῖσιν
2000 3223 2125 3261 δέδεντε
2135 3228 2183 3262 V.
2204 3247 2256 3254 —
2276 3227 2325 3263 52
2341 3222 2527 3279 Ἧρωδιπόῑ·

1597 3285 1723 3318 Joann.
1740 3280 1842 3316 Alex.
1858 3281 1935 3316 Τον.
1948 3294 2088 3330 παραγγ.
2107 3292 2143 3328 p.
2169 3292 2216 3327 29
2228 3308 2238 3324 ,
2260 3282 2309 3318 23
2320 3309 2332 3327 ,
2345 3283 2436 3319 citat
2449 3278 2527 3319 Did·

1598 3360 1645 3368 ...
1665 3335 1708 3371 53
1723 3337 1765 3383 τῇ
1783 3334 1847 3384 ὁδῷ
1861 3332 1883 3377 ἢ
1900 3337 1943 3371 V.
1964 3334 2102 3371 Ibidem
2121 3334 2295 3383 βουληθεὶς
2306 3344 2345 3372 et
2357 3335 2527 3375 Βεὶὶαίᾶ

1600 3389 1776 3426 Dindorlii
1800 3389 1981 3426 editiones.
2005 3392 2089 3425 Post
2103 3389 2280 3428 scholion
2307 3392 2357 3430 de
2379 3387 2527 3442 καοαᾶρ
