2931 4012
1111 451 1254 491 INDEX
1283 452 1500 490 NOMINUM
1540 454 1598 490 ET
1624 453 1803 492 RERUM.

519 536 597 567 outa
620 535 759 568 0180115111
772 534 924 575 putaverit
936 532 1045 573 aliquis
1058 531 1217 571 significari
1231 531 1373 562 cantilat-o
1384 530 1416 561 in

519 587 638 609 scenam
654 578 810 617 producto,
822 577 893 617 quis
904 576 1091 615 impudenter
1108 575 1249 610 σπατίλην
1263 574 1414 612 comedit;
1437 537 1448 642 Y

519 625 550 653 et
570 629 645 653 acer
664 623 712 653 est
730 621 807 653 odor
825 621 1058 656 coriariorum,
1072 621 1118 649 47.
1137 618 1231 657 (cleo)
1253 617 1415 654 coriarius,
1440 644 1443 660 1

519 666 570 704 qui
591 665 733 696 Graeciam
756 663 908 700 turbavit,
925 663 1012 702 quasi
1032 661 1162 701 pistillus
1177 661 1276 691 afferri
1294 660 1416 698 jubetur

518 716 536 738 a
548 708 646 738 Bello:
663 707 784 746 periisse
795 715 864 737 eum
879 706 1007 737 famulus
1021 705 1152 742 nunciat,
1163 704 1306 734 Minervae
1320 704 1417 741 grates

517 754 623 789 agente
636 754 779 789 'rrygaeo,
798 750 879 788 quod
901 750 1070 788 opportuno
1094 746 1264 787 reipublicae
1284 748 1417 785 tempore
1441 766 1445 800 Ι

519 794 575 824 hoc
598 795 727 832 sactum,
749 796 910 825 288--273
939 793 1009 823 cleo
1030 800 1093 831 proe
1113 791 1221 822 ceteris
1232 789 1416 820 omnibusin
1441 806 1445 831 i

518 845 622 867 caussa
633 839 695 867 erat
706 845 760 867 cur
771 844 828 876 pax
842 844 902 866 non
914 836 1099 872 conveniret,
1113 836 1179 869 848.
1192 835 1266 869 Quae
1275 832 1417 863 dicuntur
1441 836 1445 851 ·

518 889 610 918 quum
622 882 683 917 jam
697 882 834 910 mortuus
852 881 952 910 esset:
969 886 1062 917 quare
1075 877 1112 908 de
1133 877 1183 907 illo
1199 876 1274 906 nihil
1290 875 1416 914 amplius
1442 898 1444 902 .

519 923 677 953 «licendum
691 931 769 962 esse,
781 923 852 954 lieet
864 923 954 953 suerit
967 930 1107 961 nequam,
1122 921 1244 959 loquax,
1257 919 1418 961 sycophan-
1441 910 1446 968 Ι

520 969 560 1003 ia,
571 966 706 996 turbator
718 974 816 997 rerum
827 966 974 1002 omnium,
986 966 1148 995 848-854.
1165 963 1278 994 Cleone
1291 964 1416 992 mortuo
1442 973 1445 1006 5

2331 464 2395 494 641

1507 531 1686 570 impudente.
1704 540 1800 570 *so-u„
1816 532 1860 563 ib.
1884 535 2092 571 1290-1299;
2107 535 2145 564 ut
2159 534 2300 565 cinoedus
2313 537 2344 566 et
2357 536 2401 573 ej-

1499 573 1695 611 seminatus,
1711 574 1794 604 Nub.
1810 577 1866 606 673
1877 597 1887 612 ,
1906 578 1961 606 074
1978 585 1986 606 :
2001 584 2103 615 quare
2119 585 2148 607 υ.
2164 580 2220 607 080
2242 578 2402 615 Cleonymo

1499 617 1659 654 feminine
1670 617 1800 654 dictus,·
1813 619 1850 648 ut
1869 626 1995 656 pauper
2017 621 2049 649 et
2064 622 2249 658 parasitus,
2274 629 2328 651 nec
2344 629 2402 650 ma·

1506 662 1600 691 otram
1616 661 1739 698 hahens,
1753 660 1806 691 sed
1825 661 1855 690 in
1871 662 2009 692 mortario
2023 663 2148 692 farinam
2162 663 2313 701 subigens,
2324 664 2401 694 ibid.

1507 707 1561 735 875
1574 712 1635 743 sq.,·
1646 706 1683 735 ut
1695 705 1807 743 lonqus
1820 707 1852 735 et
1863 705 2011 744 ἄρρυθμος,
2032 708 2117 745 Vesp.
2136 709 2171 737 22
2181 729 2190 745 ,
2204 708 2259 737 viti
2273 709 2402 745 aspectu

1507 748 1537 776 et
1551 747 1637 777 male
1650 749 1819 785 composito
1833 755 1980 785 corpore,
1994 748 2036 778 ib.
2051 751 2123 786 822;
2138 751 2177 780 ut
2192 750 2383 788 locutulejus
2392 772 2401 787 ,

1508 792 1568 828 Eq.
1586 793 1674 827 1381,
1696 792 1733 820 ut
1753 791 1907 828 perjurus,
1925 791 2006 822 Nub.
2022 793 2088 822 400.
2107 794 2144 822 In
2156 795 2238 823 Pace
2252 793 2403 832 Cleonymi

1506 832 1585 863 filius
1600 841 1672 872 puer
1686 834 1716 863 in
1733 833 1844 871 nuptiis
1863 835 1979 872 Trygoei
1993 843 2096 865 versus
2110 836 2284 867 Archilochi
2297 837 2335 867 de
2345 837 2404 875 cly-

1507 883 1563 914 peo
1577 876 1694 914 abjecto
1707 879 1819 914 cantat,
1834 877 1864 907 in
1878 881 1993 915 patrem
2004 878 2112 917 ipsius,
2125 887 2215 918 quem
2225 880 2265 910 sit
2275 880 2404 910 imitatu«

1508 926 1577 992 1οἰ,
1601 922 1799 950 1295-1304.
1811 937 1850 946 --
1863 920 2041 959 cleonymus
2051 943 2061 959 ,
2075 921 2259 953 Atheniensis
2274 931 2382 953 nomen
2391 946 2402 960 ,

1510 964 1535 992 Τ
1556 970 1631 993 esm.
1646 967 1711 994 005.

518 1008 656 1039 ind-acite
670 1009 881 1046 tricennales,
894 1010 953 1047 Ee·
970 1011 1061 1044 ¹³92»
1076 1009 1107 1037 ee
1120 1006 1161 1037 ab
1179 1005 1335 1044 Eupolide
1352 1007 1417 1035 Mo-
1442 1014 1445 1029 =
1469 1010 1631 1049 cleophon,
1647 1012 1732 1049 cujus
1746 1012 1775 1042 in
1788 1011 1879 1043 labris
1890 1013 1990 1045 fremit
2004 1015 2129 1045 Thracia
2142 1015 2282 1053 himndo,
2296 1016 2327 1045 in
2342 1015 2404 1045 nar-

519 1054 601 1083 rica-5
614 1052 739 1090 sabula
760 1052 870 1089 docta,
890 1054 923 1082 in
937 1059 1002 1091 qua
1025 1052 1063 1081 ut
1077 1050 1116 1080 de
1128 1052 1253 1080 niortuo
1274 1049 1416 1087 loquitur
1441 1040 1446 1102 ἰ

520 1096 673 1132 comicus,
696 1095 779 1126 Nub.
795 1098 863 1133 591,
879 1097 945 1125 549.
964 1095 1004 1124 In
1021 1095 1119 1124 Ranis
1137 1093 1207 1123 cleo
1226 1093 1371 1121 mortuus
1384 1090 1416 1120 in
1442 1108 1445 1129 =

517 1140 594 1167 Orco
618 1138 773 1167 invocatur
797 1140 831 1168 ut
854 1141 997 1176 patronus
1019 1145 1037 1165 a
1060 1143 1206 1175 caupona,
1226 1138 1293 1172 509,
1309 1135 1375 1164 577.
1391 1136 1415 1164 A
1441 1135 1446 1184 i

521 1180 643 1211 Cleonis
655 1181 788 1219 epistola
801 1180 883 1219 Pylo
895 1182 925 1211 et
937 1180 1121 1217 Sphacteria
1134 1178 1177 1209 ad
1199 1179 1347 1208 senatum
1361 1184 1416 1215 po-
1441 1189 1446 1219 ἦ

516 1223 695 1262 putumque
702 1224 922 1254 Atheniensem
929 1223 968 1254 de
979 1224 1075 1262 qestis
1087 1221 1129 1251 ibi
1139 1223 1236 1251 missa
1246 1220 1416 1250 obtinuisse
1441 1223 1446 1260 ι

517 1265 629 1295 dicunt
645 1267 683 1296 ut
701 1266 842 1304 epistolis
858 1267 1082 1305 praemittatur
1101 1265 1210 1304 χαίρειν
1221 1285 1230 1301 ,
1247 1263 1327 1293 Nub.
1344 1265 1416 1299 809,
1442 1262 1446 1295 l

519 1308 572 1338 Pl.
586 1311 654 1347 332,
676 1311 793 1347 neyant
808 1309 878 1347 alii,
894 1309 976 1340 Nub.
992 1309 1015 1339 l.
1030 1316 1057 1338 c.
1442 1299 1446 1330 ἕ

478 1350 656 1381 cleocrilus.
670 1352 816 1382 cleocrito
830 1360 884 1390 pro
898 1352 952 1382 alis
966 1349 1159 1389 applicandus
1170 1349 1303 1380 cini-sias
1315 1371 1324 1386 ‚
1339 1349 1373 1378 ut
1387 1347 1417 1377 in
1443 1332 1446 1386 ἰ

519 1394 614 1423 altum
632 1394 831 1433 extollantur,
845 1403 905 1433 quo
921 1402 959 1425 ex
983 1392 1145 1424 acetabulis
1164 1393 1281 1422 acetum
1303 1391 1417 1428 insper·
1443 1397 1446 1431 ξ

516 1439 589 1474 mi
602 1437 697 1468 oeulis
709 1437 851 1476 hostium,
865 1440 946 1469 Itan.
966 1438 1162 1472 1437-1441,
1179 1435 1265 1466 locus
1275 1435 1355 1464 salis
1366 1440 1419 1463 ex-
1443 1436 1446 1475 j

513 1487 602 1518 pers,
618 1480 722 1518 nidis,
735 1488 837 1520 neque
847 1480 891 1511 ad
903 1488 970 1511 rem
984 1483 1081 1518 aptus
1097 1490 1107 1509 :
1128 1485 1228 1518 quare
1246 1478 1363 1515 ejectus
1377 1476 1419 1506 ab
1442 1481 1447 1525 ξ

517 1524 705 1554 Aristarcho
729 1525 760 1554 et
784 1524 958 1563 Apollonio.
991 1524 1164 1553 Gteoeritus
1185 1522 1419 1560 perstrinqitur
1443 1526 1447 1562 ᾗ

519 1568 559 1596 ut
581 1566 672 1596 homo
698 1567 858 1605 improbus
873 1589 885 1604 ,
907 1568 988 1597 1437.
1010 1565 1148 1596 Cleoorili
1178 1567 1284 1601 malet,
1308 1562 1418 1600 Cybele
1442 1565 1447 1612 ἰ

518 1609 653 1647 strutus,
667 1613 724 1641 Av.
738 1612 811 1646 877,
836 1610 888 1640 vel
910 1611 989 1649 quia
1009 1608 1220 1647 effeminatus
1234 1608 1265 1637 et
1278 1605 1418 1637 cinaedus
1442 1616 1446 1642 g

516 1653 590 1682 erat
609 1652 804 1690 Cleocritus,
825 1653 860 1682 in
881 1653 1036 1691 mysteriis
1056 1653 1165 1682 autem
1190 1649 1284 1679 Rheae
1303 1648 1418 1678 evirati
1442 1645 1447 1692 Ι

1508 1053 1581 1085 baro
1589 1055 1729 1085 sessitans
1737 1056 1820 1093 tolio,
1829 1058 1950 1087 cantans
1958 1066 2025 1088 eum
2039 1059 2202 1096 periturum
2213 1067 2279 1089 esse
2288 1058 2405 1088 etiamsi

1508 1105 1593 1135 pares
1607 1098 1715 1128 suerint
1730 1098 1847 1137 calculi,
1865 1101 1944 1131 Itan.
1961 1103 2123 1132 079-885.
2139 1103 2220 1132 Erat
2237 1101 2306 1132 dux
2320 1102 2406 1132 Athe—

1508 1143 1675 1178 niensium,
1688 1147 1782 1180 quem
1801 1144 1838 1172 ut
1851 1146 2067 1182 pereqrinum,
2081 1145 2258 1183 innobilem,
2272 1144 2385 1175 rudem
2394 1167 2403 1181 ‚

1508 1184 1670 1222 loquacem
1680 1186 1901 1224 perstrinqunt
1912 1197 1923 1222 ;
1934 1186 2020 1221 tilius
2035 1187 2190 1224 Thrassae,
2202 1188 2251 1217 vel
2266 1187 2407 1217 Thraciae

1507 1228 1650 1257 muneris
1672 1229 1721 1258 vet
1742 1228 1888 1259 Thrassae
1896 1232 2028 1268 proprio
2047 1232 2171 1260 nomine
2182 1231 2296 1267 dictae,
2308 1238 2406 1269 quam

1508 1271 1730 1310 βαρβαρίζουσαν
1739 1272 1914 1303 introducit
1925 1272 2021 1303 Plato
2031 1275 2066 1304 in
2079 1273 2279 1312 Cleophante,
2293 1274 2407 1307 fabula

1509 1316 1544 1343 in
1562 1313 1656 1347 illum
1672 1314 1879 1353 ‹temaqoqum
1896 1318 2018 1354 scripta
2028 1338 2040 1353 ,
2059 1317 2212 1347 Thracem
2223 1325 2295 1347 eum
2304 1319 2407 1356 appel-

1509 1355 1593 1392 lans,
1604 1358 1671 1393 079,
1681 1360 1748 1394 081,
1763 1359 1939 1394 1504,1532.
1950 1358 2066 1388 Ebrius
2080 1360 2110 1388 et
2123 1359 2276 1389 loricatus
2291 1361 2324 1389 in
2338 1369 2406 1390 con·

1508 1401 1625 1429 donem
1644 1401 1747 1436 venit,
1761 1399 1905 1430 oblatam
1915 1402 1987 1439 post
1994 1401 2147 1439 proelium
2160 1402 2204 1432 ad
2217 1405 2407 1441 Aryinusam

1510 1442 1551 1472 ab
1564 1442 1810 1472 Lacedaemoniis
1816 1451 1931 1481 pacem
1941 1445 1972 1474 et
1980 1443 2141 1474 decessum
2153 1445 2284 1475 Decelea
2294 1454 2326 1475 se
2333 1454 2409 1476 nun-

1509 1494 1606 1524 quam
1617 1486 1846 1523 admissurum,
1862 1488 1921 1516 nisi
1929 1488 2049 1518 ceteras
2055 1489 2276 1527 quoqueurbes
2285 1491 2407 1519 univcr-

1507 1536 1560 1558 sas
1569 1528 1803 1558 Atheniensium
1811 1528 1863 1559 illi
1870 1528 2081 1567 reddiderint;
2092 1532 2210 1560 narrat
2216 1532 2406 1568 Aristoteles,

1509 1573 1589 1601 Rau.
1601 1574 1681 1601 1532.
1694 1573 1800 1606 Quare
1805 1571 1832 1601 ei
1839 1574 1952 1602 restem
1960 1573 2004 1603 ad
2010 1573 2216 1611 suspendium
2223 1574 2316 1604 mittit
2324 1574 2409 1604 Pluto

1509 1621 1576 1643 cum
1591 1614 1691 1651 minis,
1708 1616 1792 1651 1504,
1803 1617 1834 1644 et
1848 1615 1961 1645 chorus
1975 1623 2079 1653 pacem
2093 1618 2200 1654 optans
2213 1615 2286 1646 dicii
2303 1616 2406 1646 :Cleo-

1508 1657 1588 1695 phon
1597 1665 1667 1687 vero
1674 1659 1785 1696 pugnet
1791 1657 1822 1687 in
1828 1658 1932 1695 patriis
1941 1659 2031 1695 arvis,
2039 1660 2314 1697 terrapereqrina,
2324 1663 2396 1689 1532

516 1694 676 1732 “d0mm2
700 1697 732 1725 θ(
752 1696 829 1726 “¹²¹³
848 1697 896 1726 ω’
916 1696 1090 1726 olmefflm
1108 1692 1196 1732 “pud
1209 1690 1417 1730 Eupffld‘mf
1442 1695 1446 1749 Ἰ
1471 1705 1620 1744 cleophon
1635 1727 1644 1742 ,
1663 1713 1770 1736 nomen
1789 1706 1898 1736 virile:
1914 1708 1986 1736 erat
2005 1707 2156 1745 lyrarum
2165 1707 2279 1745 saber,
2297 1710 2329 1738 et
2338 1716 2410 1746 per-

517 1738 570 1768 vel
579 1741 659 1777 quia
671 1738 861 1777 στρουθόπους
873 1740 944 1769 erat
956 1740 1018 1769 aut
1029 1737 1121 1775 facie
1139 1735 1325 1776 στρουθὼἇης·
1343 1736 1419 1764 Per-

1508 1750 1683 1786 strinqitur
1696 1751 1733 1779 ut
1745 1749 1897 1786 cinoedus,
1916 1749 2036 1780 Thesm.
2051 1753 2117 1781 895.

515 1783 688 1820 strinqitur
711 1784 749 1812 ut
770 1781 1135 1837 pereqrinus,.iqnobili
1159 1780 1224 1810 l⁰⁶⁰
1250 1779 1363 1814 ”am-⁸·
1385 1778 1418 1807 “t
1442 1792 1447 1840 ξ
1471 1791 1651 1830 clepsydra,
1665 1792 1747 1829 sons
1778 1792 1809 1822 in
1835 1801 1904 1823 arce
1930 1793 2111 1823 Athenarum
2129 1801 2230 1832 prope
2256 1794 2411 1824 sacellum

506 1825 656 1862 sortasse
666 1825 796 1862 histrio,
812 1825 855 1855 ib.

473 1869 654 1900 oteocricus
669 1868 800 1905 archon,
813 1870 885 1906 Lys·
901 1869 974 1906 Arq.
989 1869 1019 1898 1.
1442 1845 1447 1894 Ι

469 1910 685 1943 Cleomachus
696 1911 849 1941 scribitur
863 1912 949 1941 Eccl.
966 1915 1002 1941 22
1012 1918 1075 1949 pro
1088 1909 1309 1948 Phyromachus
1326 1907 1418 1937 :erat
1443 1897 1447 1942 l

516 1954 752 1992 traqoediarum
771 1956 880 1991 actor,
906 1956 962 1993 qui
983 1954 1063 1993 ἕδρας
1089 1953 1124 1983 in
1150 1951 1276 1990 aqenda
1296 1949 1418 1987 sabula
1443 1944 1447 1978 ἱ

515 1996 638 2070 {lg-visse
651 1996 778 2027 videtur
789 1998 820 2027 et
834 1998 965 2027 notatus
978 2003 1043 2026 esse
1061 1995 1100 2026 ob
1112 1996 1298 2033 ’καιέμφατον
1308 2014 1317 2030 ,
1332 1992 1417 2023 Eccl.
1444 1990 1448 2031 'l

467 2082 711 2119 cleombrotus,
716 2083 816 2121 pater
824 2082 997 2112 Pausaniae
1008 2083 1089 2119 reqis
1097 2079 1417 2115 Lacedoemoniorum,

467 2171 664 2203 Cleomenes
672 2167 990 2199 rexLacedoemonius
998 2167 1044 2198 ad
1051 2166 1255 2198 evertendum
1262 2167 1418 2204 Hippiam
1443 2181 1447 2223 j
1471 2190 1642 2221 mmmmm
1658 2192 1745 2226 tem,
1760 2189 1841 2220 Nub.
1856 2192 1911 2220 203
1926 2197 1999 2220 cum
2012 2189 2111 2220 schol.

1443 2228 1447 2276 ἱ
1471 2239 1659 2276 cimemidae,
1670 2238 1745 2269 aeus
1754 2238 1847 2277 finus
1860 2238 2032 2277 sophoclis,
2047 2238 2123 2268 alus
2136 2240 2229 2269 aecor
2242 2239 2410 2277 craqoedia-

467 2622 672 2678 ss'tcomenes,
683 2643 775 2680 poeta
785 2641 1075 2680 dithyramborum,
1088 2641 1172 2672 Nub.
1190 2644 1255 2671 333.

468 2690 599 2721 „leonas
615 2693 623 2714 z
638 2685 793 2715 acetabula
808 2685 927 2716 Cleonis
946 2684 1017 2723 (ubi
1032 2684 1180 2723 optimum
1200 2685 1318 2714 acetum
1329 2684 1418 2723 ),sr.

514 2213 634 2242 missus
645 2213 721 2242 vicit
741 2211 906 2242 Thessalos
921 2211 990 2248 eJus
1002 2213 1111 2248 socios,
1126 2212 1201 2240 etin
1220 2211 1358 2240 Atticam
1370 2211 1419 2239 in-

514 2261 645 2294 qressus
666 2253 892 2285 Pisistratidas
914 2255 947 2283 in
970 2254 1134 2291 Pelarqico
1162 2260 1255 2282 muro
1280 2251 1418 2281 inclusos

514 2300 610 2336 cepit,
626 2299 697 2336 Lys.
718 2300 799 2328 1153.
816 2298 1002 2333 Cleomenes»,
1014 2296 1085 2327 dux
1096 2295 1416 2332 Lacedoemoniorum,

514 2341 598 2379 cepit
611 2348 709 2371 aroem
723 2341 924 2377 Athenarum,
943 2340 996 2370 sed
1019 2340 1057 2370 ab
1078 2338 1307 2370 Atheniensibus
1320 2337 1418 2368 obses·

515 2393 588 2420 sus,
604 2384 757 2422 squalidus
774 2383 848 2414 abiit
859 2404 869 2421 ,
893 2385 965 2421 Lys.
993 2385 1153 2414 274-282,
1171 2383 1333 2412 Nimirum
1346 2388 1419 2411 cum
1443 2396 1448 2404 ·

514 2427 756 2459 Atheniensibus
767 2426 957 2465 quibusdam
971 2425 1039 2462 (sub
1054 2426 1201 2463 Isayora)
1218 2423 1419 2463 tyrannidem
1443 2406 1448 2488 Ι

514 2470 694 2508 affectans,
708 2477 815 2499 arcem
828 2471 1009 2508 occupavit,·
1023 2468 1137 2500 deinde
1148 2476 1221 2498 cum
1233 2466 1294 2499 tide
1308 2466 1418 2497 dimis-

516 2523 586 2551 sus,
601 2513 730 2543 domum
740 2513 905 2551 profectus
918 2514 1102 2543 Eleusinem
1112 2513 1275 2550 occupavit
1285 2523 1297 2548 ,-
1308 2512 1340 2541 in
1353 2519 1418 2550 qua

517 2566 555 2588 re
575 2558 630 2595 qui
653 2555 888 2586 Atheniensium
907 2556 1071 2586 aua-ilium
1086 2557 1115 2586 ei
1128 2555 1298 2593 serebant,
1321 2557 1419 2586 morte

515 2603 550 2631 ct
557 2599 777 2638 publicatione
791 2599 943 2630 bonorum
955 2599 1089 2629 multati
1101 2600 1189 2635 sunt,
1205 2599 1270 2628 274.

515 2733 585 2761 550.

467 2775 691 2810 Steonymus,
700 2774 799 2811 pater
811 2773 954 2810 Cleonis,
973 2771 1110 2803 habebat
1132 2770 1298 2809 officinam
1322 2773 1419 2803 coria-

467 2836 480 2847 .
515 2817 655 2853 riorum,
674 2817 730 2854 Eq.
746 2816 795 2846 44.

467 2880 477 2897 ,
487 2862 660 2898 Clonymus
674 2859 877 2898 demaqoqus,
893 2862 951 2899 Eq.
969 2861 1040 2896 149,
1059 2861 1148 2899 Vesp.
1161 2862 1234 2895 8223
1254 2857 1419 2897 perstringi·

516 2912 568 2934 1111·
589 2905 623 2933 ut
640 2902 772 2940 timidus,
787 2911 895 2939 magno
912 2911 1046 2942 corpore,
1062 2903 1256 2941 sycophanta,
1272 2901 1418 2942 ῥίψασπις,

473 2972 479 2975 .
513 2949 572 2978 Av.
598 2948 803 2983 1473-l4sl;
822 2947 960 2986 ῥίψασπις
978 2947 1058 2976 terra
1081 2947 1111 2976 et
1127 2946 1222 2983 mari,
1243 2947 1329 2983 Vesp.
1347 2948 1421 2975 19-

467 3016 477 3034 r

467 3051 484 3079 1

468 3101 485 3123 2

467 3164 485 3478 -i-OE-E111·

517 2993 575 3026 23;
591 2990 667 3020 add.
680 2990 755 3021 Ach.
771 2992 827 3027 88,
842 2991 915 3028 844,
928 2991 989 3028 Eq.
1011 2993 1104 3027 1290,
1126 2992 1198 3020 1372
1210 3011 1221 3026 ,
1243 2988 1326 3019 Νυῠ.
1344 2991 1418 3026 073,

516 3034 588 3069 074,
606 3035 692 3072 Vesp.
715 3035 784 3071 823,
805 3035 882 3063 Pac.
907 3035 976 3070 446,
996 3034 1051 3063 Ao.
1074 3035 1142 3069 289,
1158 3032 1281 3072 Thesm-
1303 3033 1370 3069 829,
1386 3033 1419 3062 in

519 3077 615 3106 textu
626 3079 656 3106 et
665 3076 776 3107 scholi.
792 3077 973 3115 cleonymus
986 3076 1200 3111 ἀσπιδαποὸλής
1212 3075 1323 3106 dicitur
1333 3076 1419 3105 κολα·
1444 3075 1448 3113 ξ

517 3120 663 3157 nmmos,
687 3123 772 3159 Vesp.
789 3124 844 3151 592
860 3130 868 3151 :
883 3128 959 3152 nam
972 3122 1044 3151 erat
1062 3122 1160 3151 etiam
1172 3120 1362 3150 assentator.
1379 3120 1419 3149 In
1445 3122 1448 3161 ς

521 3166 608 3194 Pace
617 3171 678 3200 per
693 3165 831 3194 ironiam
845 3163 966 3195 dicitur
979 3163 1047 3194 Paci
1060 3162 1282 3194 raventissimus
1293 3185 1303 3199 ,
1324 3162 1420 3192 tortis·
1445 3164 1449 3217 ἱ

519 3207 640 3242 simus,
663 3206 719 3236 nisi
738 3207 819 3244 qnod
843 3207 873 3237 in
895 3207 972 3238 bello
996 3207 1184 3245 subJectitius
1208 3206 1418 3245 (abiecimus,
1445 3223 1449 3235 .

517 3249 726 3286 ἀποὸολιμαῖος
737 3257 791 3287 pro
801 3250 1015 3289 ὑποῦολιμαῖος)
1028 3251 1085 3288 sit,
1101 3258 1160 3280 non
1177 3250 1226 3280 sui
1242 3249 1349 3288 patris,
1365 3252 1420 3280 073
1445 3243 1449 3275 l

518 3295 627 3322 ,-078.
651 3294 811 3322 Praeterea
830 3295 1068 3332 persii-iaqum-
1084 3295 1122 3324 ut
1141 3302 1261 3332 vorax,
1280 3292 1355 3323 Ach.
1368 3297 1421 3330 88,

521 3338 593 3372 844,
610 3336 668 3373 Eq.
686 3337 770 3371 1290,
786 3337 841 3364 Av.
856 3338 924 3375 289,
937 3338 1004 3374 290,
1024 3336 1080 3367 ubi
1095 3339 1142 3367 est
1158 3336 1339 3375 cleonymus
1357 3336 1421 3366 sine

518 3380 625 3415 crista,
637 3380 825 3416 κατωφαγᾶςς
844 3380 882 3408 ut
895 3386 1004 3418 rapam
1016 3381 1046 3410 et
1062 3380 1260 3418 luoeuriosus,
1279 3382 1337 3418 Eq.
1351 3381 1419 3417 958,

518 3423 577 3455 ubi
593 3426 648 3453 950
659 3422 689 3452 in
704 3422 768 3460 ejus
779 3422 889 3452 annulo
901 3429 1018 3460 mergus
1030 3422 1138 3460 hisnu
1157 3425 1189 3454 et
1203 3423 1333 3454 divitum
1343 3423 1421 3453 bora
1461 3439 1464 3445 -

602 3482 703 3506 SOEOL.
728 3481 878 3507 ΔΙΙῦἵοΡΠ-

1509 1837 1621 1872 Panis,
1636 1836 1711 1865 olim
1725 1836 1877 1874 Empedo,
1896 1844 1996 1874 quare
2021 1836 2194 1875 clepsydra
2207 1836 2322 1873 dictus,
2338 1839 2409 1875 Lys.

1509 1881 1579 1915 913,
1591 1882 1645 1909 Av.
1676 1882 1760 1916 1095,
1790 1881 1872 1917 Vesp.
1898 1881 1964 1915 857;
1976 1878 2268 1917 profundissimum
2288 1888 2355 1909 esse
2380 1883 2411 1910 et

1509 1921 1598 1951 salsa
1609 1922 1811 1960 aquafluere
1825 1921 1957 1959 serunt,
1981 1929 2055 1951 cum
2077 1922 2244 1952 Phalerico
2258 1923 2412 1960 junctum

1509 1965 1621 2002 viqinti
1635 1964 1743 1994 stadia
1754 1964 1905 2001 distante,
1918 1965 1969 1994 Av.
1986 1967 2058 1994 1095
2068 1986 2077 2001 ,
2092 1964 2298 1994 subterraneo
2301 1964 2412 2002 fluctu

1508 2008 1679 2037 exeuntem
1693 2008 1727 2036 in
1747 2007 1936 2046 Φλέγρεω...,
1955 2008 2027 2044 Lys.
2042 2009 2109 2037 913.

1472 2055 1631 2094 clepsydra
1646 2055 1743 2094 posita
1755 2055 1787 2085 in
1806 2048 1958 2092 tribunali,
1972 2055 2016 2085 ad
2029 2062 2129 2094 quam
2150 2057 2292 2086 oratores
2318 2057 2412 2087 verba

1503 2099 1664 2136 facerent,
1685 2100 1770 2136 Vesp.
1786 2101 1835 2135 93,
1851 2101 1918 2135 321,
1936 2098 2011 2128 Ach.
2028 2099 2096 2135 694,
2108 2097 2174 2128 sch.
2189 2100 2244 2128 Av.
2262 2101 2346 2135 1895,
2359 2099 2413 2130 ubi

1508 2142 1706 2180 explicatur,
1721 2143 1972 2172 instrumentum
1987 2142 2171 2181 ὠρονομιιόν.

1511 2291 1585 2313 rum
1601 2282 1681 2320 ejus,
1695 2281 1749 2311 scd
1764 2283 1871 2312 neutri
1881 2289 1950 2312 suae
1965 2282 2120 2320 opinionis
2134 2277 2349 2312 testimonium
2360 2276 2412 2319 IzJ-

1502 2326 1631 2363 serunt.
1666 2326 1859 2363 Perstrinyit
1893 2324 2183 2363 (Aristophanae)
2219 2324 2412 2355 Clidemiden

1508 2370 1606 2400 etiam
1625 2370 1664 2398 ut
1677 2368 1840 2406 ιακόξενον,
1854 2370 1933 2398 Bon.
1947 2370 2013 2398 791.

1472 2416 1604 2456 eligenes
1624 2424 1752 2455 parvus,
1774 2416 1927 2447 balneator
1950 2414 2107 2455 pessimus,
2131 2415 2185 2453 qui
2207 2424 2288 2445 nunc
2309 2415 2412 2445 turbas

1508 2460 1571 2497 dat,
1584 2467 1655 2489 mox
1667 2458 1831 2497 periturus3
1845 2458 1925 2497 quod
1938 2457 2046 2488 timens
2058 2466 2118 2488 non
2130 2460 2164 2488 111
2176 2458 2208 2487 in
2221 2466 2294 2497 pace
2305 2459 2412 2496 solent,

1509 2503 1560 2534 secl
1574 2510 1643 2532 cum
1658 2503 1735 2532 suste
1745 2502 1817 2538 exit,
1834 2504 1913 2532 Ran.
1928 2503 2089 2532 ῒο0-710.
2104 2502 2188 2531 Erat
2199 2509 2240 2530 ex
2252 2501 2411 2538 divitibus,

1509 2546 1565 2577 sed
1595 2545 1707 2583 hospes
1729 2547 1762 2575 et
1784 2544 1957 2581 barbarus,
1992 2551 2061 2574 rem
2086 2543 2254 2582 publicam
2278 2543 2413 2574 admini-

1510 2592 1631 2626 strans,
1647 2591 1715 2619 709.

1471 2638 1631 2674 clinareta,
1648 2637 1764 2672 mulier,
1779 2637 1868 2668 Eccl.
1884 2640 1931 2667 41.
2059 2654 2062 2658 -

1472 2682 1593 2719 cliniae,
1604 2682 1702 2720 pater
1713 2680 1894 2717 Alcibiadis,
1909 2680 1985 2711 Ach.
2001 2682 2068 2711 718.

1475 2724 1650 2756 Clisthenes
1663 2723 1851 2754 demarchos
1867 2725 2008 2754 instituit
2019 2730 2262 2754 naucrarorum
2276 2722 2353 2762 looo,
2368 2731 2413 2753 se-

1510 2767 1652 2800 cundum
1665 2767 1874 2803 Aristotelem,
1888 2767 1970 2797 Nub.
1988 2769 2035 2797 37.

1472 2817 1644 2854 Clisthenes,
1659 2816 1779 2854 sibyrtii
1795 2815 1883 2853 lilius,
1903 2818 1990 2854 qenis
2011 2815 2055 2846 ad
2076 2819 2182 2847 cutem
2201 2817 2311 2854 tonsis,
2335 2816 2410 2847 Ach.

1514 2864 1579 2897 118,
1595 2862 1631 2890 ut
1646 2860 1733 2890 laevis
1754 2861 1909 2898 conquam
1930 2859 2105 2896 eunuchus,
2129 2860 2350 2898 effeminatus,
2364 2861 2410 2889 in·

1510 2905 1631 2942 simula
1645 2903 1778 2933 mollitie
1797 2905 1828 2932 et
1849 2902 2001 2940 pathicus
2019 2902 2060 2932 ab
2078 2903 2288 2941 Aristophane
2306 2905 2411 2940 saepis·

1510 2949 1590 2978 sime
1606 2947 1852 2985 perstrinqitur,
1873 2947 1911 2975 ut
1933 2947 1992 2984 Eq.
2022 2948 2106 2983 1374,
2121 2946 2204 2976 Nub.
2226 2949 2294 2983 355,
2324 2947 2409 2983 Vesp.

1514 2993 1598 3027 1187,
1611 2991 1666 3020 Av.
1680 2991 1748 3025 831,
1763 2990 1833 3026 Lys.
1853 2992 1918 3025 621,
1939 2991 2027 3025 1092,
2045 2988 2166 3019 Thesm.
2181 2991 2248 3025 235,
2261 2990 2341 3018 Ran.
2361 2990 2409 3024 48,

1512 3037 1559 3066 57.
1579 3035 1618 3065 Ut
1639 3032 1782 3064 mnaedus
1808 3034 1905 3062 etiam
1925 3032 1967 3062 ab
1990 3034 2123 3063 Cratino
2145 3034 2180 3062 in
2206 3032 2318 3068 Pytine
2338 3039 2411 3069 per-

1510 3078 1694 3115 strinqitur,
1709 3076 1792 3106 Nub.
1807 3079 1872 3106 355.
1889 3076 1928 3106 In
1947 3075 2275 3112 Thesmophoriazusis
2288 3073 2410 3104 Clisthe-

1512 3128 1577 3158 nes,
1594 3120 1633 3150 ob
1654 3119 1792 3149 insanum
1815 3126 1947 3148 amorem
1972 3117 2132 3147 mulierum
2157 3117 2323 3153 hengestus,
2338 3116 2410 3145 ‘rhe-

1512 3162 1762 3202 smophoriazusis
1775 3161 1870 3192 desert
1892 3162 2011 3191 affinem
2029 3159 2177 3197 Euripidis
2197 3158 2409 3189 Mnesilochum

1512 3207 1644 3237 mulieris
1656 3205 1758 3236 habitu
1778 3205 1916 3235 indutum
1929 3205 2005 3233 inter
2016 3211 2065 3233 eas
2076 3211 2158 3238 esse;
2175 3202 2281 3232 deinde
2292 3201 2330 3232 ad
2341 3209 2409 3231 eum

1512 3248 1792 3288 deprehendendum
1808 3251 1838 3278 et
1859 3246 2096 3278 convincendum
2115 3246 2178 3284 ipse
2193 3253 2314 3284 operam
2334 3253 2410 3283 prae-

1513 3295 1590 3330 stat3
1609 3301 1672 3323 rem
1691 3293 1838 3323 deiectam
1851 3289 2026 3330 prytanibus
2043 3289 2216 3319 nunciatum
2231 3288 2304 3326 abit,
2315 3291 2410 3320 474-

1513 3339 1579 3367 054.
1590 3336 1754 3367 Clisthenes
1767 3335 1892 3373 turpiter
1904 3333 2017 3371 plangit
2029 3335 2180 3363 mortuum
2195 3332 2347 3371 pathicum
2358 3335 2410 3363 se-

1514 3380 1628 3416 binum,
1643 3382 1723 3410 Ran.
1742 3380 1904 3413 422-427,
1919 3379 1949 3407 et
1961 3376 2026 3407 sch.
2040 3379 2108 3413 422,
2123 3378 2191 3408 427.
2211 3377 2254 3407 In
2273 3376 2330 3407 illo
2344 3376 2410 3406 loco

1513 3423 1573 3454 alii
1594 3423 1733 3453 Calliam
1756 3422 1820 3452 dici
1841 3421 1963 3459 putant
1990 3419 2180 3451 Clisthenem
2188 3430 2201 3458 ,-
2226 3420 2286 3450 atii
2295 3419 2362 3458 (qui
2375 3419 2410 3447 in

2279 3473 2317 3503 ⁴1
