2931 4012
582 449 650 480 212

1307 436 1539 480 SCH01,.J2
1571 439 1624 476 IN
1658 441 1807 478 AVES.

579 533 641 567 δων
656 531 820 574 συνήθειαν
837 533 930 565 τοῦτο
947 528 1043 575 λέγει.
1065 528 1142 576 φασὶ
1158 526 1221 576 γὰρ
1239 527 1350 562 ἐκεῖνοι
1368 526 1447 576 πρὸς
1466 527 1524 562 ἀλ·
1549 531 1557 555 Ἑ
1583 526 1692 568 ὅολαῖς
1709 529 1771 563 τῶν
1787 528 2014 578 ἀλεκτρυόνων,
2028 529 2099 571 τοὺς
2115 531 2305 575 ἡττηθέντας
2318 532 2449 570 ἔπεσθαι
2468 536 2533 577 τοῖς

577 585 692 630 λήλους
714 584 829 625 ἰδόντες
845 583 953 632 ὄρνεα,
971 581 1022 622 δὸς
1043 581 1079 616 τὸ
1097 580 1208 620 σκέλος
1223 582 1263 628 τῇ
1278 579 1380 629 πέτρᾳ
1395 579 1451 615 καὶ
1468 594 1527 615 πε-

579 644 706 677 σοῦνται
723 640 763 676 τὰ
784 640 887 688 ὄρνεα.
912 637 948 672 τὸ
971 635 1004 671 δὲ
1022 635 1092 670 ἀλλ’
1112 628 1189 670 οἶσθ’
1217 633 1234 669 ὃ
1259 635 1375 683 δρᾶσον
1401 633 1525 677 Ἀττικὴ

578 694 701 744 φράσις,
716 693 796 743 πρὸς
812 693 844 728 δὲ
861 692 897 726 τὸ
912 688 1075 740 εἰρημένον
1092 687 1213 730 παίζων
1232 681 1319 727 αὖθις
1336 681 1421 732 εἷπε,
1436 687 1475 723 σὺ
1493 686 1526 723 δὲ

543 752 560 776 ⁵
576 751 616 797 τῇ
634 745 788 797 κεφαλῇ]
1187 778 1191 783 ,

625 813 668 838 57.
694 800 748 836 τὸν
773 799 908 836 Ἐποπα
933 798 994 833 παῖ
1016 797 1123 836 καλεῖς
1142 807 1151 831 :
1175 796 1225 832 Οὐ
1249 794 1393 841 πιθανὸν,
1417 794 1525 842 φησὶν,

576 854 629 891 ἐπὶ
645 853 747 890 οἰκίαν
764 852 872 903 ὀρνέου
888 851 1017 888 ἐλθόντα
1034 855 1095 886 παῖ
1109 849 1170 885 παῖ
1182 850 1302 885 καλεῖν.
1319 849 1355 885 οὗ
1369 848 1432 898 γάρ
1448 849 1527 884 εἰσιν

576 908 752 958 ἄνθρωποι,
770 906 853 943 ὥστε
871 906 926 942 καὶ
943 906 1060 945 παῖδας
1078 903 1173 953 ἔχειν.

624 974 666 998 οε.
693 963 832 998 lma-of:
852 959 1032 1008 Σύμμαχος
1047 957 1102 994 καὶ
1119 957 1258 1004 Δίδυμος
1269 954 1525 1005 προπαροξύνου-
1549 958 1550 967 ’

530 1027 560 1052 10
576 1031 624 1053 σιν
643 1043 653 1061 ,
671 1015 736 1051 ἀπὸ
752 1018 807 1051 τοῦ
826 1016 855 1051 οἱ
872 1013 1001 1050 ἔποποι·
1019 1013 1049 1048 οἱ
1066 1010 1100 1047 δὲ
1119 1025 1179 1060 περ
1193 1013 1333 1054 σπῶσιν,
1348 1009 1388 1045 ἵν’
1404 1004 1426 1062 ᾗ
1442 1009 1527 1058 ἐπίρ-
1549 1028 1550 1031 =

578 1084 665 1120 ρημα
686 1069 757 1105 ἀντὶ
773 1072 829 1105 τοῦ
847 1066 1005 1104 ἐποπιστί.
1025 1067 1053 1102 εἷ
1070 1064 1104 1101 δὲ
1123 1062 1406 1115 προπαροξύνοιτο,
1430 1064 1524 1106 δῆλον

574 1123 623 1159 ὅτι
639 1122 877 1172 ἐσχημάτισται
892 1120 955 1157 ἀπὸ
972 1119 1092 1160 εὐθείας
1105 1122 1162 1162 τῆς
1179 1117 1306 1158 ἔποπος.

622 1190 665 1214 οο.
692 1175 787 1225 [τίνες
801 1171 887 1211 οὗτοι
902 1187 911 1212 :
929 1172 1085 1222 Τροχίλος
1099 1166 1143 1213 εἷς
1158 1174 1222 1208 τῶν
1239 1169 1354 1221 ὀρνέων
1371 1169 1525 1207 ὑπακούει

574 1230 698 1275 οἰκέτης
712 1234 767 1267 τοῦ
783 1229 924 1277 ἔποπος]

528 1294 556 1318 ¹⁶
621 1298 662 1322 ex.
690 1285 758 1333 [τοῦ
795 1282 1012 1333 χασμήματος
1047 1294 1056 1317 :
1093 1279 1186 1317 Ἐπεὶ
1215 1278 1386 1328 πρόσωπον
1416 1277 1524 1328 ὀρνέου

573 1338 720 1383 ἐποίησεν
741 1341 757 1374 ὁ
774 1335 946 1386 ὑποκριτὴς
963 1335 1088 1384 ἔχοντος
1103 1333 1139 1369 τὸ
1160 1332 1283 1383 ῥάμφος
1304 1331 1453 1381 κεχηνὸς,
1471 1330 1524 1367 διὰ

573 1396 665 1429 τοῦτο
682 1387 768 1428 εἶπεν
786 1388 1030 1440 χασμήματος.]

620 1466 665 1489 ⁶2.
693 1449 878 1500 ὀρνιθοθήρα
901 1461 910 1485 2
926 1447 1060 1496 Νομίζει
1081 1445 1153 1487 τοὺς
1169 1445 1284 1495 ἄνδρας
1301 1444 1406 1482 διὰτὸ
1425 1448 1524 1495 θηρᾶ-

573 1519 627 1542 σαι
644 1505 686 1542 τὰ
697 1505 790 1555 ὄρνεα
808 1501 1007 1547 ἐληλυθέναι.
1062 1510 1068 1516 ·

524 1573 557 1597 20
619 1577 662 1601 οε.
689 1563 789 1605 οὕτως
801 1563 833 1599 τί
847 1562 945 1599 δεινὸν
962 1574 971 1599 :
986 1560 1036 1598 Τὸ
1052 1560 1182 1597 κάλλιον
1200 1559 1271 1596 ἀντὶ
1288 1557 1448 1596 ἀπολύτου
1462 1564 1524 1595 κεῖ-

571 1633 635 1655 ται.
653 1617 723 1654 ἀντὶ
740 1620 795 1654 τοῦ
808 1615 880 1653 οὐδὲ
893 1615 992 1652 καλὸν
1005 1614 1119 1663 λέγειν,
1136 1612 1173 1650 τὸ
1188 1615 1274 1660 ἡμᾶς
1290 1612 1523 1649 ὑποπτεύεσθαι

570 1671 728 1713 τοιούτους
745 1666 835 1708 εἶναι.
857 1669 1005 1718 ἑωρακὼς
1029 1668 1063 1705 δὲ
1089 1667 1183 1704 αὐτὸν
1208 1666 1401 1717 φοὸούμενον
1428 1666 1524 1703 τοῦτό

571 1740 678 1776 φησιν.
698 1724 797 1773 (οὕτω
813 1723 911 1760 δεινὸν
929 1722 1065 1773 πρᾶγμά
1082 1724 1166 1758 ἐστιν
1190 1723 1219 1757 ot
1235 1723 1446 1770 ὀρνιθοθῆραι.
1464 1723 1523 1757 οὐκ

570 1778 702 1830 ὤφειλες
713 1777 785 1815 οὐδὲ
793 1780 871 1825 ἡμῖν
888 1776 1012 1823 εἰπεῖν.)
1029 1777 1058 1812 οἱ
1071 1775 1104 1810 δὲ
1120 1776 1151 1810 ἐν
1166 1774 1236 1818 ἤθει
1250 1773 1303 1810 τὸν
1317 1774 1410 1821 λόγον
1425 1774 1522 1810 ἀκού-

523 1836 554 1861 ²⁶
571 1847 658 1870 ουσιν
675 1831 775 1869 οὕτω·
793 1830 910 1868 οὑτωσί
924 1845 956 1867 τι
973 1828 1072 1866 δεινὸν
1089 1827 1162 1865 οὐδὲ
1180 1827 1310 1864 κάλλιον
1324 1827 1438 1877 λέγειν,
1455 1842 1523 1865 του-

570 1887 675 1924 τέστιν
691 1885 776 1923 οὕτω
789 1899 820 1921 τι
835 1883 934 1921 δεινὸν
950 1883 1065 1932 ἔχομεν
1080 1883 1118 1918 ἐκ
1133 1883 1191 1926 τῆς
1203 1882 1322 1931 ὄψεως,
1338 1880 1421 1918 ὥστε
1437 1883 1521 1932 ὀρνι-

570 1943 700 1991 θοθῆραι
715 1939 909 1987 νομίζεσθαι.
930 1936 1000 1973 οὐδὲ
1012 1935 1116 1984 λέγειν
1132 1950 1167 1972 σε
1182 1939 1277 1972 τοῦτο
1291 1934 1421 1972 κάλλιόν
1436 1938 1520 1973 ἐστιν

570 1994 619 2030 ὅτι
633 1993 727 2042 ἐσμὲν
743 1995 949 2042 ὀρνιθοθῆραι.

617 2067 661 2091 σε.
688 2051 884 2092 Ὑποδεδιὼς
907 2063 916 2088 :
939 2049 1068 2097 Ὄνομα
1084 2048 1221 2085 ἔπλασεν
1246 2048 1354 2097 ὀρνέου
1380 2048 1520 2086 Ὑποδε-
1548 2071 1549 2074 =

521 2117 553 2141 ³0
569 2106 652 2148 διώς.
680 2134 726 2141 -
742 2108 785 2147 ὥς
802 2107 834 2141 ἐν
857 2104 963 2152 Λιὸύῃ
981 2105 1109 2140 πολλῶν
1125 2102 1180 2138 καὶ
1203 2102 1405 2152 ἐκτραπέλων
1422 2102 1519 2139 ὄντων

492 2168 502 2209 f
569 2161 695 2212 ὀρνέων.
722 2166 758 2196 R.
775 2158 929 2206 (Λιὸυκὸν
947 2156 997 2201 δὲ,
1015 2158 1085 2192 ἐπεὶ
1108 2158 1137 2193 οἱ
1153 2156 1270 2197 Λίὸυες
1287 2156 1444 2206 βάρὸαροι
1463 2155 1520 2192 καὶ

569 2214 675 2252 δειλοί.
694 2214 716 2258 ἢ
734 2213 804 2250 ἐπεὶ
821 2211 986 2260 πολύορνις
1000 2213 1021 2255 ἡ
1038 2210 1173 2258 Λιὸύη.)
1419 2211 1425 2215 ”

619 2276 687 2321 (σε).
709 2272 748 2309 τὰ
765 2271 844 2322 πρὸς
854 2272 959 2307 ποδῶν
985 2282 993 2307 :
1017 2269 1122 2318 [Ὑπὸ
1148 2273 1203 2306 τοῦ
1225 2268 1324 2318 φόόου
1346 2268 1517 2313 ἀδιανόητα

568 2327 749 2378 ἐφθέγξατο.
765 2326 787 2371 ἤ
806 2339 912 2376 φησιν,
930 2322 1033 2373 ἐρώτα
1051 2322 1093 2359 τὰ
1111 2322 1190 2371 πρὸς
1205 2323 1311 2358 ποδῶν
1329 2336 1385 2359 σου
1407 2323 1517 2373 ὄρνεα,

520 2393 552 2417 3⁶
569 2384 596 2418 εἰ
615 2381 737 2431 βούλει,
755 2378 829 2429 περὶ
846 2380 937 2426 ἐμοῦ.
954 2376 976 2421 ἢ
995 2376 1060 2412 ἀπὸ
1076 2378 1138 2411 τῶν
1155 2376 1261 2411 ποδῶν
1275 2378 1380 2424 ἡμῶν,
1398 2375 1446 2412 ὅτι
1461 2376 1517 2427 ὄρ-

567 2450 621 2471 νεα
645 2433 751 2483 ἐσμὲν,
782 2432 933 2481 μάνθανε.
1006 2429 1156 2477 Ἄλλως]
1182 2429 1339 2479 γράφεται
1364 2430 1419 2466 καὶ
1452 2430 1517 2478 μὴν

567 2490 672 2539 ἐρώτα
687 2488 765 2539 πρὸς
780 2487 899 2531 ποδῶν,
923 2484 971 2521 ὅτι
989 2484 1192 2534 σαφέστερον.
1214 2483 1270 2518 καὶ
1291 2483 1377 2532 τάχα
1403 2482 1442 2520 ἂν
1466 2485 1516 2529 εἴη
1542 2470 1544 2534 ἱ

568 2543 651 2578 κατὰ
664 2542 722 2586 τὴν
736 2540 878 2578 παλαιὰν
893 2538 1057 2587 σημασίαν
1072 2537 1292 2587 γεγραμμένον
1303 2538 1340 2574 τὸ
1352 2537 1423 2587 ἔρου
1438 2538 1516 2589 ἔρω,
1542 2545 1544 2569 Ι

568 2596 749 2646 μετελήφθη
767 2594 801 2632 δὲ
817 2596 861 2635 εἰς
877 2593 914 2629 τὸ
940 2608 978 2630 ω.
998 2593 1030 2628 ἔν
1046 2606 1111 2627 τισι
1132 2591 1166 2627 δὲ
1182 2591 1354 2641 γράφεται,
1379 2592 1435 2628 καὶ
1453 2593 1515 2639 μὴν
1542 2583 1544 2644 ι

519 2662 552 2685 ⁴0
570 2648 673 2699 ἐρώτα
690 2649 768 2697 πρὸς
782 2647 887 2684 τίνων.
931 2645 952 2690 ἢ
971 2645 1026 2682 καὶ
1040 2645 1138 2689 οὕτω,
1152 2644 1208 2680 καὶ
1233 2645 1296 2693 μὴν
1322 2645 1424 2695 ἐρώτα
1438 2647 1517 2696 πρὸς
1542 2646 1544 2680 Ι

566 2702 677 2746 ποίων,
701 2700 769 2737 ἀντὶ
786 2705 842 2737 τοῦ
862 2700 940 2750 πρὸς
964 2700 1057 2735 τίνων
1078 2698 1174 2746 ἐσμὲν
1194 2697 1309 2748 ὀρνέων
1333 2699 1435 2748 ἐρώτα
1460 2700 1516 2736 καὶ
1541 2692 1544 2745 ,¹

567 2755 631 2791 τίσι
647 2754 861 2803 προσήκομεν.
888 2753 957 2789 ἔστι
974 2751 1008 2788 δὲ
1030 2751 1068 2788 τὸ
1083 2751 1156 2787 ὅλον
1173 2750 1266 2799 λόγον
1288 2754 1345 2788 οὐκ
1363 2753 1436 2802 ἔχον
1461 2755 1516 2791 καὶ

566 2808 661 2844 ἔτιτὸ
673 2809 727 2844 καὶ
743 2807 807 2855 μήν
820 2805 960 2856 ἀκαίρως
972 2805 1062 2841 ἔσται
1073 2804 1255 2853 λεγόμενον.
1266 2804 1396 2843 κάλλιον
1410 2802 1464 2843 οὗν
1475 2807 1517 2844 τὰ

565 2861 643 2911 πρὸς
654 2862 772 2905 ποδῶν,
786 2859 943 2896 πυνθάνου
956 2861 1019 2895 τῶν
1033 2859 1140 2895 ποδῶν
1155 2857 1203 2893 ὅτι
1219 2858 1313 2909 ὄρνεα
1331 2859 1438 2907 ἐσμέν.
1457 2860 1515 2896 λέ-

516 2927 549 2952 4ο
565 2930 615 2964 γει
632 2913 665 2952 δὲ
683 2917 725 2955 ὥς
742 2914 803 2950 ὑπὸ
819 2917 874 2950 τοῦ
889 2913 977 2954 δέους
991 2911 1172 2963 ἐναφεικώς.

613 2986 657 3012 σε.
684 2971 902 3021 Ἐπικεχοδὼς
915 2984 924 3008 :
940 2971 1008 3009 Καὶ
1015 2974 1107 3007 τοῦτο
1115 2972 1158 3012 ὥς
1164 2970 1266 3019 ὄνομα
1278 2970 1396 3021 ὄρνιθος
1406 2971 1514 3014 ἔπαιξε

564 3027 655 3079 παρὰ
669 3026 707 3064 τὸ
727 3025 894 3077 φαίνεσθαι
907 3026 1003 3061 αὐτοῦ
1025 3024 1062 3060 τὸ
1079 3026 1177 3073 σκῶρ.
1196 3025 1348 3074 φασιανὸς
1368 3025 1401 3061 δὲ
1420 3039 1516 3062 συκο-

565 3081 685 3131 φάντης
694 3109 706 3128 ,
720 3079 811 3130 παρὰ
826 3078 863 3115 τὸ
874 3078 994 3130 φαίνειν
1011 3077 1092 3125 μετὰ
1106 3080 1268 3127 φασιανῶν
1283 3077 1513 3127 εὑρισκόμενος.

613 3154 655 3179 σο.
680 3140 713 3177 τί
731 3139 836 3191 θηρίον
854 3137 924 3174 πότ’
943 3132 974 3172 εἶ
995 3151 1003 3174 :
1022 3137 1101 3173 Δέον
1123 3138 1222 3172 εἰπεῖν
1245 3136 1362 3186 ὄρνεον,
1379 3138 1456 3187 πρὸς
1477 3138 1513 3175 τὸ
1537 3138 1542 3189 ζ

516 3210 549 3235 ω
564 3194 751 3244 τεραστικὸν
763 3197 818 3231 τοῦ
836 3191 982 3240 σώματος
996 3190 1102 3240 θηρίον
1117 3185 1215 3226 εἶπεν.
1538 3197 1539 3204 ’

612 3269 656 3294 ⁷0.
680 3256 763 3306 ὄρνις
779 3255 878 3305 ἔγωγε
897 3253 1030 3294 δοῦλοςε
1050 3252 1238 3301 Σημείωσαι
1252 3252 1300 3288 ὅτι
1315 3252 1370 3289 καὶ
1387 3253 1444 3297 τὴν
1463 3256 1513 3290 εὖ·
1537 3230 1539 3280 ἱ

563 3312 652 3347 octav
668 3314 725 3346 τοῦ
739 3309 822 3359 ὄρνις
835 3307 1024 3346 ἐκτείνουσιν
1041 3306 1187 3344 Ἀττικοί.
1537 3302 1539 3365 γ

611 3381 658 3408 Ίῐ.
683 3368 888 3418 ἀλεκτρυόνος
903 3379 913 3404 τ
928 3365 1073 3405 Φυσικόν
1097 3367 1165 3402 ἐστι
1180 3369 1273 3402 τοῦτο
1287 3367 1319 3402 ἐν
1341 3369 1411 3407 ταῖς
1424 3381 1509 3415 συμ-
1537 3372 1539 3400 Ι

1581 581 1770 625 νενικηκόσι.
1788 581 1855 629 (καὶ
1872 582 2042 633 Θεόκριτος
2057 585 2118 632 [22‚
2141 586 2188 633 72]

1656 666 1772 707 ὀρνίθων
1783 668 1985 708 φοινικολόφων
1996 670 2098 700 τοιοίδε
2109 671 2263 710 κυδοιμοί.)

1628 755 1673 780 76.
1702 743 1895 792 Φάληρικὰς
1911 744 2014 794 ἀφύας
2034 757 2043 781 2
2064 744 2152 792 (Ότι
2171 747 2389 790 πληθυντικῶς
2403 748 2530 797 λέγουσι

1579 794 1635 836 τὰς
1660 796 1772 846 ἀφύας.
1797 797 2000 847 Ἀρίσταρχος
2025 797 2058 835 δὲ
2076 801 2133 835 οὐκ
2150 800 2342 850 ἀποδέχεται
2357 803 2529 846 πληθυντι-
2545 815 2560 837 5

1580 851 1659 893 κῶς,
1675 850 1723 886 διὸ
1739 849 1776 886 τὸ
1789 852 1837 899 χ.)
1852 851 2023 901 Φαληρεὺς
2039 851 2088 898 δὲ,
2109 853 2206 900 λιμὴν
2221 857 2277 898 τ’ῆς
2292 855 2442 899 Ἀττικῆς.

1628 916 1669 940 78.
1696 902 1800 944 ἔτνους
1816 904 1844 940 δ’
1862 906 2012 953 ἐπιθυμεῖ
2025 918 2034 942 :
2050 906 2194 956 Ἀθάρας.
2217 908 2341 958 (τορύνη
2356 909 2389 945 δὲ
2404 909 2531 958 λέγεται

1579 956 1616 992 τὸ
1631 957 1811 1006 κινητήριον
1834 961 1890 1001 τῆς
1911 958 2041 1008 χύτρας.
2070 961 2265 1006 σημειωτέον
2289 961 2321 998 δὲ
2345 961 2394 998 δ’τι
2415 965 2529 1014 τορύνη

1579 1015 1745 1060 πανταχοῦ
1761 1011 1927 1048 ἐκτέταται
1944 1015 1972 1049 εἷ
1990 1013 2035 1062 μὴ
2051 1015 2126 1064 παρ’
2147 1016 2324 1065 Εὐπόλιδι.)

1628 1077 1671 1101 7⁹.
1697 1065 1841 1114 τροχίλος
1850 1065 1932 1116 ὄρνις
1940 1068 2047 1104 οὑτοσί
2064 1081 2072 1105 :
2089 1068 2187 1118 Παρὰ
2196 1069 2231 1106 τὸ
2245 1070 2359 1119 τρέχω.
2373 1071 2443 1107 ἐπεὶ
2457 1086 2529 1107 συν·
2551 1085 2579 1108 ιο

1580 1120 1662 1167 εχῶς
1676 1113 1744 1155 εἶπε
1761 1118 1798 1155 τὸ
1814 1119 1936 1170 τρέχω,
1957 1121 2098 1170 πέπαιχε
2114 1123 2259 1172 τροχίλος
2281 1124 2391 1161 εἰπών.
2408 1125 2475 1161 ἔστι
2496 1125 2529 1161 δὲ

1579 1172 1634 1208 καὶ
1654 1172 1760 1221 ὄρνεον
1777 1173 1932 1223 τροχίλος.
1958 1174 2014 1210 καὶ
2038 1175 2166 1223 λέγεται
2182 1171 2262 1212 εἶναι
2283 1177 2390 1225 δριμύ.
2409 1177 2530 1220 ἀξιοῦσι

1579 1225 1615 1262 δέ
1629 1240 1709 1267 τινες
1724 1226 1783 1270 τὴν
1800 1226 1903 1274 μέσην
1921 1227 2051 1270 ὀξύνειν.

1627 1292 1669 1317 82.
1698 1278 1804 1330 μύρτα
1821 1280 1876 1317 καὶ
1894 1281 2025 1331 σέρφους
2043 1295 2052 1319 :
2079 1283 2200 1333 Σέρφος
2218 1286 2424 1328 σκωληκῶδες
2444 1283 2525 1328 ζωύ-

1578 1347 1659 1382 φιον,
1676 1332 1708 1382 (ἢ
1727 1336 1949 1383 μυρμηκῶδες.
1964 1339 2065 1371 ταῦτα
2084 1336 2117 1372 δὲ
2136 1337 2284 1385 νέμονται
2297 1339 2337 1374 τὰ
2351 1338 2454 1388 ὄρνεα.
2472 1340 2529 1374 καὶ
2550 1351 2579 1374 15

1578 1388 1598 1430 ἡ
1615 1387 1773 1435 παροιμία
1792 1404 1805 1418 ιι
1824 1386 1927 1423 ἔνεστι
1949 1390 2009 1424 κᾶν
2029 1388 2175 1438 μύρμηκι
2191 1392 2251 1426 κάν
2273 1390 2377 1441 σέρφῳ
2393 1392 2488 1441 χολή.
2516 1411 2529 1424 υ

1578 1442 1727 1488 Νικοφῶν
1743 1442 1776 1476 ἐν
1794 1440 1975 1490 Ἀφροδίτης
1991 1443 2105 1482 Γοναῖς

1652 1526 1724 1566 ἅπερ
1737 1526 1823 1557 ἐσθίει
1833 1527 1913 1557 ταυτὶ
1928 1527 1964 1557 τὰ
1975 1529 2073 1567 πονήρ’
2086 1529 2208 1567 ὀρνίθια,

1651 1570 1768 1609 σέρφους
1777 1570 1865 1608 ἴσως,
1878 1571 2047 1609 σκώληκας,
2059 1573 2189 1612 ἀκρίδας,
2204 1573 2372 1613 πάρνοπας.)

1577 1649 1681 1700 μύρτα
1699 1649 1734 1686 δὲ
1759 1652 1776 1686 ὁ
1794 1652 1852 1694 τῆς
1871 1650 2024 1700 μυρσίνης
2048 1653 2194 1688 καλεῖται
2219 1653 2356 1703 καρπὸς,
2381 1655 2415 1696 ὅς
2443 1658 2529 1692 ἐστιν
2548 1674 2580 1697 ‘20

1576 1705 1689 1746 οἰκεῖος
1704 1704 1823 1754 ὄρνισιν
1839 1706 1882 1746 εἰς
1897 1704 1935 1741 τὸ
1953 1705 2079 1743 ἐσθίειν,

1622 1771 1666 1796 σε.
1691 1760 1797 1799 κακῶς
1814 1759 1853 1795 σύ
1872 1759 1902 1807 γ’
1919 1759 2051 1796 ἀπόλοιο
2070 1773 2079 1797 :
2104 1760 2191 1809 Πρὸς
2207 1760 2260 1797 τὸν
2278 1761 2456 1810 θεράποντα
2474 1768 2528 1800 τοῦ

1575 1810 1692 1853 ἔποπος
1710 1811 1796 1859 λέγει
1814 1812 1994 1849 εἰσελθόντα
2013 1814 2084 1861 (καὶ
2102 1814 2285 1863 κεχηνότα).

1625 1879 1669 1903 87.
1695 1864 1771 1914 [ὑπὸ
1785 1869 1841 1902 τοῦ
1859 1864 1968 1907 δέουςτ
1990 1867 2079 1904 Ἰδὼν
2092 1867 2154 1918 γὰρ
2170 1868 2224 1904 τὸν
2242 1869 2350 1905 δοῦλον
2368 1871 2528 1919 κεχηνότα

1575 1919 1743 1970 emen-J

1623 1986 1666 2011 8⁹.
1692 1973 1762 2010 ἀντὶ
1778 1976 1833 2010 τοῦ
1850 1973 2054 2023 φοὸούμενος.
2073 1982 2108 2012 R.

1622 2040 1666 2064 οο.
1693 2025 1875 2076 [ἀπέπτατο
1892 2039 1901 2064 :
1920 2030 1977 2069 Εἰς
1993 2028 2030 2064 τὸ
2043 2029 2120 2066 αύτὸ
2137 2030 2317 2076 κατήντησε
2330 2035 2386 2067 τοῦ
2403 2033 2525 2080 γελοίου

1573 2095 1582 2101 ·
1598 2080 1619 2117 ά
1641 2095 1680 2118 ιν.

1574 2095 1597 2130 k
1621 2095 1664 2171 ει.
1680 2081 1746 2183 ][ὡς
1763 2136 1905 2184 ἀνδρεῖος
1922 2129 1952 2170 εἷ
1967 2148 1976 2172 2
1996 2134 2054 2177 Ὡς
2070 2136 2163 2173 πολύ.
2182 2139 2215 2174 ἐν
2233 2129 2374 2188 εἰρωνείᾳ
2390 2139 2451 2188 δέ.]

1621 2201 1664 2226 ⁹2.
1692 2188 1795 2237 ἄνοιγε
1813 2188 1872 2233 τὴν
1895 2188 1973 2232 ὕλην
1993 2202 2000 2226 :
2021 2188 2101 2226 Δέον
2119 2192 2218 2227 εἰπεῖν
2236 2191 2294 2235 τὴν
2312 2191 2408 2241 θύραν
2427 2192 2448 2237 ἢ
2470 2194 2525 2230 τὸν
2542 2205 2573 2228 30

1571 2235 1659 2332 ἓῖκον
1673 2241 1731 2286 τὴν
1751 2241 1831 2286 ὕλην
1849 2235 1946 2278 εἶπεν.
1973 2242 2029 2278 καὶ
2056 2243 2118 2293 γὰρ
2141 2246 2174 2280 ἐν
2197 2244 2287 2286 ὕλαις
2315 2244 2477 2294 διάγουσιν
2494 2249 2524 2283 οἱ

1591 2301 1683 2346 ρνεῑς.

1619 2362 1662 2387 οε.
1686 2348 1733 2390 τίς
1750 2352 1770 2393 ἡ
1796 2347 1976 2398 πτέρωσιςε
1997 2349 2129 2395 Ἐπειδὴ
2149 2353 2247 2401 ὁρῶσι
2265 2351 2353 2397 ξένην
2370 2352 2443 2402 ὄψιν
2468 2358 2524 2389 τοῦ

1571 2402 1704 2447 ἔποπος,
1723 2403 2013 2447 καταπλήττονται.
2027 2403 2096 2440 ἔστι
2111 2404 2174 2455 γὰρ
2189 2409 2230 2455 τῇ
2247 2405 2403 2454 πτερώσει
2419 2406 2456 2442 τὸ
2469 2405 2523 2457 ὅρ-

1570 2471 1639 2494 νεον
1661 2456 1877 2504 κατάπυκνον,
1896 2457 1951 2493 καὶ
1974 2459 2057 2507 τρεῖς
2074 2457 2147 2507 ἔχον
2167 2458 2267 2510 ἄκρας
2288 2461 2320 2495 ἐν
2345 2462 2390 2510 τῷ
2417 2461 2518 2512 λόφῳ.
2540 2478 2571 2500 zzz.

1570 2536 1610 2542 --
1633 2511 1702 2547 ἐπεὶ
1720 2516 1803 2561 τρεῖς
1818 2511 1932 2561 λόφους
1953 2511 2021 2560 ἔχει
2038 2514 2055 2548 ὁ
2073 2512 2166 2562 ἔποψ.
2186 2519 2222 2549 Β.

1620 2566 1689 2613 (οε).
1716 2564 1797 2606 τίνες
1813 2564 1876 2602 εἰσί
1892 2566 1927 2612 μ’
1942 2567 1970 2601 οἱ
1989 2567 2174 2610 ζητοῦντεςε
2195 2565 2296 2608 Εὐθὺς
2309 2568 2522 2616 οἰωνιζόμενοι
2540 2560 2549 2630 1
2557 2557 2568 2613 ί

1571 2619 1700 2655 εἰώθασι
1716 2618 1819 2666 λέγειν
1835 2618 1913 2669 πρὸς
1930 2618 1984 2660 τὸ,
2001 2619 2048 2660 τίς
2062 2621 2079 2655 ὁ
2096 2622 2198 2663 ζητῶν
2216 2623 2285 2657 θεοῦ
2302 2621 2386 2662 τινὸς
2402 2622 2502 2669 ὄνομα
2512 2650 2521 2665 ,

1569 2670 1590 2715 ἢ
1616 2672 1735 2720 ὑγείαν,
1761 2672 1783 2716 ἤ
1806 2686 1838 2708 τι
1858 2675 2010 2708 τοιοῦτον.
2038 2672 2093 2708 καὶ
2117 2676 2173 2708 νῦν
2197 2670 2251 2709 οὖν
2272 2673 2349 2723 ἔφη,
2378 2675 2473 2723 [τίνες
2492 2679 2521 2712 οἱ

1570 2725 1735 2769 ζητοῦντές
1758 2739 1817 2773 με,
1842 2725 1921 2775 πρὸς
1941 2724 1958 2761 ὃ
1979 2724 2122 2773 ἐπάγει,]
2144 2729 2172 2762 οἱ
2196 2726 2320 2762 δώδεκα
2341 2729 2417 2765 θεοί.
2432 2728 2469 2765 τὸ
2488 2728 2519 2765 δὲ
2539 2742 2569 2766 ιιι

1569 2777 1640 2822 ἑξῆς
1655 2778 1733 2828 παρ’
1747 2777 1909 2820 ὑπόνοιαν,
1925 2778 1994 2814 ἐπεὶ
2010 2777 2155 2820 ἔκσκευος
2174 2779 2319 2830 φαίνεται
2337 2782 2454 2822 αὐτοῖς.

1617 2844 1659 2868 ⁹⁰.
1686 2830 1804 2873 εἴξασιν
1836 2830 2002 2882 ἐπιτρῖψαί
2027 2847 2063 2869 σε
2092 2845 2101 2870 :
2127 2831 2270 2869 Δύναται
2297 2833 2355 2881 μὲν
2384 2835 2437 2870 ἐπὶ
2464 2839 2519 2871 τοῦ

1568 2884 1685 2926 ἔποπος
1712 2884 1828 2933 λέγειν,
1854 2880 1939 2922 οὗτοι
1967 2886 2098 2930 ζητοῦσί
2125 2900 2162 2922 σε
2192 2888 2357 2937 ἐπιτρῖψαι
2379 2888 2432 2923 διὰ
2461 2888 2518 2933 τὴν

1567 2938 1651 2988 ὄψιν·
1669 2938 1801 2975 δύναται
1818 2938 1851 2975 δὲ
1867 2939 1922 2974 καὶ
1939 2941 1987 2989 ἐφ’
2006 2941 2128 2975 ἑαυτιῖἰν
2142 2939 2257 2987 λέγειν,
2276 2940 2416 2977 ἐοίκασιν
2434 2936 2519 2978 οἷ’-,οι

1567 2995 1655 3040 ἡμᾶς
1671 2992 1904 3043 ἐπιτετριφέναι
1920 2988 1982 3029 ὦδε
2001 2993 2158 3035 ἐλθόντας.
2179 2993 2310 3044 ἐκφοὸεἷ
2326 2994 2387 3043 γὰρ
2406 2995 2520 3038 αὐτοὺς
2540 3009 2561 3032 ιτ

1566 3045 1604 3083 τὸ
1625 3047 1836 3097 προσωπεῖον.
1862 3046 1916 3097 [τὸ
1933 3046 1967 3083 δὲ
1983 3046 2112 3092 εἴξασιν,
2136 3047 2158 3091 ἢ
2174 3047 2313 3084 ἐοίκασιν
2336 3048 2357 3090 ἢ
2377 3048 2518 3098 παρεγέ-

1618 3166 1663 3191 ⁹⁹.
1688 3152 1726 3190 τὸ
1742 3157 1797 3190 τοῦ
1816 3152 1923 3203 ὀρνέου
1937 3153 2120 3203 πρόσωπον.
2138 3161 2174 3190 R.

1618 3220 1675 3245 100.
1701 3211 1832 3243 τοιαῦτα
1851 3206 1959 3255 μέντοι
1979 3220 1988 3245 2
2010 3208 2066 3245 Ἐν
2084 3207 2147 3258 γὰρ
2162 3210 2208 3257 τῷ
2225 3208 2328 3256 Τηρεῖ
2349 3209 2519 3256 Σοφοκλῆς

1567 3261 1713 3305 ἐποίησεν
1736 3261 1830 3297 αὐτὸν
1852 3261 2117 3311 ἁπωρνιθωμένον
2139 3261 2195 3297 καὶ
2218 3260 2277 3305 τὴν
2297 3261 2460 3311 Πρόκνην.
2486 3267 2518 3302 ἐν
2538 3274 2563 3297 ⁷1⁴

1565 3310 1593 3365 ᾧ
1609 3313 1733 3365 ἔσκωψε
1750 3315 1854 3351 πολλὰ
1868 3315 1923 3350 τὸν
1940 3318 1972 3352 Τ
1972 3313 2061 3365 ηρέα.

1617 3380 1672 3404 102.
1697 3367 1827 3420 πότερον
1850 3368 1931 3417 ὅρνις
1955 3382 1963 3404 z
1994 3367 2153 3417 (Ἐπαιξε.
2180 3368 2249 3405 δέον
2273 3370 2372 3405 εἰπεῖν
2397 3370 2513 3413 ἄνθρω-

2545 1939 2576 1962 25
