2931 4012
614 440 685 474 408

613 516 719 552 θυείαν
732 513 871 564 (μέλιτος
885 515 926 562 τῇ
942 511 1031 562 θυείᾳ
1042 515 1102 560 G.)
1115 517 1270 560 εμσαλλει
1289 511 1417 559 (βάλλει
1433 517 1489 558 V.)
1508 517 1547 545 v.

612 570 691 606 ΛΜ.
709 596 748 604 -
765 570 810 605 35
828 568 991 619 σφάλομεν
1005 569 1046 603 V.

663 624 745 668 254,
768 625 813 660 52
831 622 869 660 τὸ
883 621 1123 672 τετραὸολιαῖον
1139 623 1183 656 V.

661 680 751 726 259,
774 693 792 723 7
822 677 886 714 ἀπὸ
910 681 965 713 τοῦ
989 676 1089 720 ἅλας,
1115 677 1136 710 8
1157 674 1292 712 ἀπὸτοῦ
1311 674 1395 710 ὓλεῑν
1414 674 1489 721 (sic)
1506 675 1547 708 V.

608 733 700 782 παρὰ
720 733 757 769 τὸ
775 733 829 769 bis
848 733 974 768 Suidas
991 744 1017 767 s.
1039 729 1268 779 Ἄλετρίὸανος.
1292 732 1346 765 Ex
1363 741 1435 776 quo
1452 728 1549 764 illata

612 790 717 831 8-12,
732 787 788 824 καὶ
805 814 844 822 -
859 787 964 822 Καλλ.
978 814 1016 820 -
1036 787 1076 820 ι3
1092 786 1109 819 ὁ
1127 782 1160 818 δὲ
1176 782 1323 832 τρίόανος
1335 786 1378 819 V.

661 843 705 877 26
715 855 723 876 ι
733 869 742 885 ,
759 854 804 877 2ο
826 838 1066 888 εἰσοικισμένων
1086 841 1126 874 R.
1141 837 1389 887 εἰσῳκισθέντων
1399 840 1440 873 V.
1451 864 1491 871 -
1504 849 1545 872 21

543 920 547 925 -
609 894 836 943 εἷσοικισμένοι
845 898 886 931 R.
896 889 942 935 οἷς
954 892 1087 944 πρόνοια
1097 893 1162 928 τῶν
1178 890 1291 928 νεωστὶ
1307 889 1549 939 εἶσοικισμένων

612 950 689 987 Ald.

661 1004 728 1048 267
748 1005 792 1044 ὡς
806 1004 868 1038 οἷκ.
882 1005 943 1052 θεῷ
958 1017 987 1038 τ.
1007 1001 1052 1037 Ἄ.
1068 1001 1123 1037 καὶ
1139 999 1266 1050 εὔχεται
1279 1002 1327 1050 τῷ
1343 999 1490 1049 Διονύσῳ
1505 1003 1548 1036 R.

609 1057 754 1104 reliquis
773 1057 921 1092 omissis.
939 1078 986 1083 —
1005 1055 1050 1090 25
1067 1053 1189 1105 θεάτρῳ
1206 1056 1268 1090 τῶν
1289 1058 1328 1090 V.

661 1124 743 1155 270,
761 1113 805 1147 33
824 1109 975 1154 τέθνηκεν
989 1113 1035 1146 V.

661 1178 743 1210 271,
761 1167 804 1208 37
827 1165 1006 1212 legebatur
1018 1168 1171 1211 γυναῖκας
1183 1161 1291 1202 αὐτάς.
1310 1191 1347 1197 ..
1366 1162 1410 1197 38
1429 1161 1466 1197 τὸ
1480 1160 1551 1204 ἑξῆς

612 1223 651 1255 R.
666 1238 713 1246 -
732 1221 777 1265 39
795 1218 934 1254 ἀπώλετ’
948 1222 989 1253 V.
1006 1216 1148 1253 ἀπόλωλ’
1166 1216 1244 1252 Ald.

555 1283 558 1286 ·
659 1275 747 1318 273,
766 1274 810 1309 42
828 1272 1003 1309 Μυττωτὸν
1022 1270 1056 1307 δὲ
1077 1271 1147 1307 ἀντὶ
1167 1273 1223 1307 τοῦ
1240 1270 1419 1321 πράγματα
1435 1271 1548 1317 ἡμῶν·

606 1327 680 1365 ἀντὶ
693 1332 763 1374 τοῦ,
780 1329 825 1363 43
842 1328 963 1376 ἐγεῖραι
977 1330 1019 1362 R.

659 1384 741 1427 275,
759 1383 803 1424 45
822 1380 983 1418 Ἀπελθὼν
997 1380 1115 1424 τοίνυν,
1132 1381 1177 1422 46
1194 1379 1368 1429 προσφέρει
1383 1381 1401 1415 ὁ
1415 1378 1494 1419 Ζεύς
1506 1383 1549 1415 V.

617 1437 663 1470 Hc
676 1448 749 1482 quo
762 1435 856 1470 conf.
868 1435 979 1470 schol.
996 1447 1029 1469 v.
1050 1436 1120 1469 236
1138 1435 1173 1468 in
1187 1435 1265 1469 fine.

658 1502 726 1534 277
747 1490 847 1525 sicin
865 1489 965 1534 Ald.,
988 1490 1017 1523 οἱ
1035 1489 1068 1524 ἐν
1086 1488 1240 1528 κινδύνοις
1251 1488 1417 1536 γενόμενοι
1430 1489 1550 1524 ἐπεκα·-

612 1541 722 1578 λοῧντο
735 1542 865 1583 τούτους
879 1541 949 1583 τοὺς
967 1541 1121 1590 δαίμονας
1137 1541 1209 1583 τοὺς
1221 1543 1253 1577 ἐν
1267 1540 1465 1591 Σαμοθρᾴκῃ
1478 1541 1550 1582 τούς

608 1611 643 1631 τε
662 1596 870 1646 Κορύὸαντας
889 1596 944 1632 καὶ
961 1596 1019 1640 τὴν
1041 1595 1196 1639 Ἑκάτην.
1212 1595 1243 1636 ἐξ
1261 1590 1298 1638 ἧς
1312 1597 1365 1631 καὶ
1381 1595 1549 1639 διαὸόητον

609 1643 649 1693 ἧν
673 1650 710 1685 τὸ
738 1650 893 1700 Ζήρινθον
920 1649 1032 1699 ἄντρον
1043 1675 1053 1693 ,
1087 1648 1162 1684 ἔνθα
1188 1648 1292 1697 ταύτῃ
1319 1649 1473 1698 ὠργίαζον
1495 1649 1550 1685 καὶ

608 1704 847 1754 ἠλευθεροῦντο.
880 1724 927 1731 —-
955 1705 998 1738 52
1019 1703 1099 1753 πρὸς
1116 1701 1375 1751 ἀλεξιφάρμακον
1396 1702 1550 1739 κινδύνων

608 1760 703 1794 τινῶν
724 1759 861 1793 Suidas.
876 1771 902 1794 s.
921 1757 1006 1795 Ἀλλ’
1028 1757 1058 1793 εἴ
1081 1771 1138 1797 τις.
1160 1756 1238 1806 πρὸς
1255 1756 1501 1807 ἀλεξιφάρμακα
1519 1772 1549 1794 κ.

608 1815 702 1848 τινῶν
722 1826 749 1849 S.
766 1811 976 1862 Σαμοθρᾴκῃ.
992 1841 1024 1848 ...
1043 1813 1062 1848 3
1080 1809 1167 1852 τινὰς
1178 1824 1247 1846 om.
1261 1814 1303 1847 R.
1317 1839 1356 1846 ..-
1371 1818 1389 1853 4
1409 1810 1551 1854 Ἀλεξάν-

609 1867 733 1917 δρειαν,
754 1869 774 1903 5
787 1880 840 1914 sq.
853 1865 956 1902 λιπὼν
976 1865 1112 1914 ἐρυμνὸν
1132 1864 1300 1901 κυὸἄντων
1317 1864 1550 1914 (Κορυὸάντων

609 1921 665 1966 (i.)
685 1923 749 1957 σῶν
770 1924 815 1957 V.
835 1948 871 1956 ...
893 1934 912 1965 7
928 1922 1113 1967 μεμνῆσθαι
1130 1919 1302 1955 editiones
1321 1918 1497 1955 Dindorfii
1516 1928 1550 1955 et

608 1976 767 2012 Bekkeri.

660 2032 742 2075 278,
758 2044 780 2077 9
796 2032 850 2065 τοῦ
867 2028 1028 2078 Καὸείρου
1042 2029 1123 2066 Ald.
1139 2051 1189 2059 —
1207 2043 1220 2063 1
1232 2042 1245 2063 1
1263 2029 1300 2064 ἐκ
1311 2030 1374 2064 τῶν
1386 2030 1495 2064 κακῶν
1507 2032 1549 2064 R.

661 2098 751 2131 279,
783 2085 823 2119 13
848 2084 993 2130 λέγομεν.
1019 2082 1126 2124 ἄλλως
1144 2081 1241 2131 (ἀλλὰ
1261 2082 1318 2130 G.)
1344 2082 1414 2119 ἀντὶ
1434 2086 1492 2119 τοῦ
1508 2085 1550 2118 V.

608 2138 751 2174 δοίδυκα.
766 2135 850 2171 ὥστε
866 2136 911 2183 μὴ
929 2136 1130 2187 ὑποστρέψαι
1145 2136 1240 2172 αὐτόν
1257 2139 1299 2171 R.

658 2195 747 2236 282,
767 2205 812 2226 22
830 2191 964 2231 Τέλιδος
983 2194 1025 2226 V.
1045 2190 1182 2231 Πέλιδος
1202 2195 1245 2226 G.
1264 2191 1363 2228 Cons.
1386 2192 1549 2239 Thucyd.

609 2249 643 2291 3,
665 2248 722 2292 69.
742 2265 791 2272 -
806 2246 850 2280 23
864 2247 921 2288 τῆς
937 2244 1065 2294 εἰρήνης
1082 2249 1124 2280 V.
1137 2244 1217 2280 Ald.

658 2301 740 2343 285,
762 2301 806 2335 3ο
823 2298 913 2348 παρὰ
931 2298 989 2342 τὴν
1010 2300 1087 2346 (τῶν
1104 2299 1164 2346 G.)
1182 2299 1446 2346 Λακεδαιμονίων
1459 2303 1500 2337 V.

655 2356 725 2390 288
751 2352 815 2402 ἐγὼ
844 2353 878 2389 δὲ
907 2353 1116 2403 ἀλετρίὸανον
1147 2353 1257 2389 λαὸὼν
1286 2354 1464 2402 ποιήσομαι
1494 2355 1550 2390 καὶ

604 2408 840 2457 μηχανήσομαι
858 2411 899 2444 V.

655 2465 738 2510 289,
757 2464 799 2499 35
813 2462 1035 2499 scribebatur
1051 2461 1260 2502 Δάτις.-36
1276 2461 1310 2498 δὲ
1324 2475 1393 2498 om.
1409 2467 1548 2505 R.-44

604 2517 665 2567 γὰρ
682 2520 725 2558 ὡς
742 2516 831 2566 παρὰ
844 2520 903 2563 V.,
918 2530 991 2553 uon
1010 2521 1053 2554 G.
1068 2542 1115 2549 -
1136 2523 1178 2561 47
1198 2515 1305 2557 Δάτος
1317 2520 1358 2553 V.
1376 2517 1474 2558 Δάτις
1493 2520 1549 2561 G„

606 2572 651 2605 50
668 2571 767 2613 Δάτις
779 2575 822 2607 V.
839 2572 880 2608 ln
892 2584 964 2619 quo
983 2572 1028 2613 54
1047 2580 1126 2621 post
1143 2571 1256 2619 λόγους
1269 2573 1429 2619 sequitur
1445 2573 1549 2612 ἄλλως

605 2638 684 2660 cum
702 2627 837 2662 scholio
857 2627 1011 2669 Aldine,
1034 2626 1129 2674 quod
1153 2639 1261 2675 supra
1283 2627 1411 2674 legitur
1433 2628 1548 2663 35-38

604 2679 1049 2727 Δᾶτις-ὁμοιοκατάληκτον.
1059 2707 1098 2715 -.
1109 2693 1128 2715 2
1143 2681 1325 2731 Καρκίνου,
1341 2682 1421 2717 vide
1439 2681 1547 2719 schol.

607 2735 700 2768 Rau.
720 2733 777 2768 86.

656 2788 739 2833 296,
763 2799 804 2821 ιο
821 2785 921 2835 οἱμὲν
938 2788 1001 2837 γὰρ
1016 2791 1058 2824 V.
1070 2817 1109 2823 -
1128 2801 1166 2823 11
1182 2790 1330 2838 πονηρῶν
1349 2792 1393 2824 G.
1407 2788 1548 2839 τριήρων

607 2844 647 2877 V.
663 2843 804 2891 τριηρῶν
820 2843 864 2877 R.

656 2908 739 2943 299,
762 2907 803 2930 21
825 2897 868 2934 ὡς
887 2895 941 2931 καὶ
956 2895 1017 2944 ἔφη
1033 2895 1085 2931 Ἑ.
1098 2899 1154 2942 V.,
1173 2897 1234 2944 qui
1248 2910 1292 2932 22
1310 2911 1379 2933 om.
1399 2899 1549 2948 ἐργαλεῖα

603 2977 642 2986 -.
653 2947 848 2999 ἀνορύττειν.
863 2968 907 2975 --
924 2951 967 2984 23
981 2947 1037 2984 καὶ
1049 2950 1207 2998 παροιμία
1219 2976 1263 2982 .-
1280 2949 1404 3000 σκάφας
1417 2954 1453 2986 iu
1466 2952 1546 2988 Ald.

603 3007 770 3054 leguntur
788 3003 832 3039 ad
853 3017 886 3039 v.
907 3004 990 3049 289,
1009 3011 1088 3051 post
1103 3003 1269 3050 δατισμός,
1286 3005 1309 3040 Ι.
1327 3010 1385 3045 41.

653 3062 741 3105 3ου,
761 3060 806 3095 25
828 3056 1052 3102 δειπνήσοντες
1070 3057 1214 3093 Florens
1234 3059 1366 3094 Christ.
1384 3087 1422 3093 .-
1440 3073 1483 3105 27
1505 3063 1549 3101 ὡς

603 3114 694 3162 ἔλεγε
712 3117 754 3149 V.
769 3111 877 3162 ἔλεγον
893 3112 972 3148 AJd.

654 3170 736 3212 381,
755 3170 797 3212 37
815 3167 938 3207 ἔκθεσις
958 3169 997 3203 V.
1295 3195 1300 3203 .

653 3225 721 3257 302
739 3224 781 3263 εἷς
793 3222 943 3270 ὁμόνοιαν
956 3221 1027 3268 ἄγει
1038 3219 1109 3260 τοὺς
1120 3219 1287 3263 Ἕλληνας
1301 3220 1481 3264 λεληθότως
1494 3222 1547 3258 διὰ

602 3277 690 3311 τοῦδε
708 3280 762 3311 τοῦ
779 3275 874 3317 ἔπους
887 3280 932 3312 R.
953 3275 1100 3322 reliquis
1117 3274 1267 3310 omissis.

653 3332 719 3365 303
737 3335 776 3367 R.
788 3331 828 3366 ha
834 3333 895 3367 bet
906 3330 1039 3380 φοινικίς
1052 3328 1180 3379 χλαμὺς
1187 3327 1360 3377 πολεμική.
1370 3329 1464 3365 Idem
1478 3333 1545 3373 304

604 3384 708 3420 habet
736 3384 964 3434 μισαπόλιμος.
1000 3382 1215 3435 φιλοπόλεμος
1233 3383 1296 3433 γὰρ
1323 3375 1548 3435 ἤι’-ὁθΛάμα-

1334 428 1612 467 ADNOTATIO
1638 427 1686 464 IN
1715 427 1876 465 SCHOL.

1602 523 1660 559 χος
1673 520 1852 560 στραιηγος
1863 519 1921 545 ων.
1943 537 1980 544 -
2001 509 2044 544 52
2065 507 2134 545 ἀντὶ
2156 510 2213 544 τοῦ
2236 506 2380 544 Suidas
2398 518 2429 543 s·
2446 507 2558 543 Φοινι-

1602 564 1714 599 κικῶν.
1734 563 1806 600 ἀντὶ
1821 565 1886 600 τῶν
1898 567 1942 598 V.
1960 562 2209 599 Ibidmumffiv
2230 561 2476 604 suidas-54
2489 562 2559 597 ἆκο·

1603 617 1754 666 λαμᾶχου
1761 618 1854 664 (fort.
1865 615 1927 653 ἀπὸ
1934 616 2109 666 Λαμάχου)
2117 616 2312 664 praemittit
2319 618 2385 660 V.,
2395 627 2472 651 nou
2479 617 2519 652 G.

1655 679 1735 723 308,
1755 683 1775 721 4
1794 675 1962 726 ἐπιμονὴν,
1980 676 2001 712 5
2020 676 2161 723 ἠμέλουν
2181 680 2227 712 V.
2507 712 2510 714 .

1654 733 1744 776 310,
1770 745 1792 779 9
1813 733 1979 782 φυσῶντας
1998 734 2041 767 V.
2063 731 2142 767 ΑΜ.
2157 756 2206 763 -
2238 743 2285 766 ιο
2304 729 2511 780 ἄναγείρητε
2524 733 2559 765 V.

1605 785 1780 838 ἀνεγείρετε
1794 789 1839 822 G.
1860 785 1894 822 δὲ
1912 799 1983 822 om.
1998 788 2037 821 R.
2053 806 2099 812 —
2125 799 2136 820 ι
2150 799 2162 821 ι
2182 784 2251 835 γὰρ
2270 786 2442 827 ναυτικάς
2457 788 2501 820 R.

1618 859 1620 861 ·
1655 843 1744 888 312,
1766 854 1808 876 ι2
1824 840 1903 891 φασὶ
1917 844 1959 877 V.
1977 840 2063 890 (non
2080 839 2140 888 G.)
2154 840 2241 876 ΔΜ.
2259 859 2316 867 -
2347 840 2395 875 13
2416 838 2562 883 εἶητὸῩ.

1604 895 1683 932 Ald.
1695 923 1734 932 ..
1751 902 1793 939 14
1809 894 1915 939 δὲτὴν
1930 893 2023 930 πόλιν
2042 893 2118 931 ΑΜ.
2135 914 2183 920 -
2204 895 2251 929 ι6
2277 899 2401 939 σῖτον,
2430 906 2471 938 17
2483 894 2562 941 λογι-

1605 950 1763 998 ζομένοις,
1784 963 1830 986 2ο
1847 952 2005 1000 χορηγοῦν
2023 953 2064 985 V.

1655 1007 1724 1042 313
1736 1034 1745 1051 ,
1771 1018 1814 1049 27
1835 1004 1965 1054 ἀντρόθε
1980 1006 2023 1040 V.
2038 1002 2177 1053 πατρόθε
2195 1007 2245 1051 G.
2263 1003 2423 1039 Deinde
2440 1016 2485 1039 ex
2499 1004 2564 1039 Pin·

1605 1059 1690 1096 daro
1707 1061 1847 1106 corrige
1865 1058 2022 1109 Φιλύρας.

1657 1114 1746 1159 3ι5,
1764 1114 1808 1149 36
1824 1113 1904 1150 ’Ότι
1922 1125 1991 1148 οιιι.
2010 1116 2046 1148 V.
2064 1115 2198 1148 Totum
2227 1112 2415 1148 scholion
2439 1125 2515 1157 om.-
2531 1115 2564 1148 R.

1656 1168 1722 1212 3¹7
1737 1195 1746 1211 ,
1766 1168 1883 1210 41-43
1909 1165 2142 1213 κατὰ-λέγειν
2155 1164 2245 1202 αὐτὸ
2265 1179 2350 1202 om.
2366 1169 2416 1202 R.
2430 1193 2470 1201 ...
2488 1171 2526 1207 42
2539 1165 2565 1200 τὸ

1605 1234 1675 1258 orn.
1689 1224 1732 1257 V.
1747 1236 1755 1257 :
1771 1222 1877 1257 habet
1905 1222 1940 1257 iu
1957 1222 2026 1257 alio
2042 1221 2180 1256 scholio
2191 1247 2201 1263 ,
2231 1221 2377 1269 βέλτιον
2404 1220 2445 1257 ἃν
2464 1220 2510 1263 εἴη
2523 1219 2565 1255 ni

1606 1275 1882 1324 ἀναγινώσκεσθαι
1898 1274 1953 1311 καὶ
1977 1277 2022 1325 τῷ
2042 1273 2112 1318 ἑξῆς
2133 1274 2405 1319 συνάπτεσθαι,
2424 1273 2478 1310 ἵνα
2491 1277 2564 1309 τοῦτο

1606 1329 1664 1379 μὲν
1687 1331 1737 1375 εἴη
1764 1333 1781 1367 ὁ
1803 1330 1897 1380 χορὸς
1924 1328 2038 1377 λέγων.
2055 1327 2265 1377 κατάστιχόν
2296 1343 2340 1365 τε
2371 1329 2439 1377 γάρ
2464 1327 2563 1364 ἔστιτὸ

1606 1385 1775 1433 ἀμοιὸαῖον
1790 1384 1845 1421 καὶ
1869 1386 1934 1420 τῶν
1951 1382 2118 1430 ἡδομένων
2134 1382 2278 1419 ἀκούειν
2299 1383 2344 1419 τὸ
2366 1385 2419 1419 ἰοῦ
2441 1385 2486 1419 ἰοῦ
2499 1384 2561 1417 ἀντ-

1606 1442 1765 1490 φωνῆσαι.

1655 1496 1744 1538 324,
1761 1496 1806 1537 46
1821 1492 1898 1543 φησὶ
1914 1500 1993 1541 post
2010 1490 2093 1539 ἐμὴν
2114 1492 2203 1527 Ald.
2215 1519 2227 1538 ,
2246 1494 2401 1530 omittit
2418 1496 2456 1529 V.
2471 1517 2509 1524 .-.
2526 1497 2558 1536 47

1605 1547 1645 1585 τὰ
1660 1548 1744 1596 μέλη
1758 1548 1839 1585 Ald.
1854 1575 1892 1581 -
1908 1548 1953 1590 48
1972 1560 2024 1596 χρ.
2039 1545 2102 1596 γὰρ
2119 1548 2163 1582 R.

1657 1604 1726 1639 333
1742 1606 1782 1638 R.
1803 1601 1909 1638 habet
1923 1600 1992 1637 ἀντὶ
2007 1603 2063 1636 τοῦ
2083 1603 2270 1650 συγχωρῶ.
2285 1631 2331 1638 .-
2343 1615 2366 1637 2
2382 1615 2440 1650 μοι
2451 1613 2515 1638 om.
2530 1603 2557 1634 V.

1657 1659 1741 1706 336,
1757 1659 1778 1692 6
1794 1656 1866 1701 ἤτοι
1884 1653 1975 1695 ἐκδὺς
1991 1659 2032 1691 G.

1657 1712 1725 1752 342
1736 1739 1745 1756 ,
1762 1725 1784 1758 9
1805 1718 1885 1759 post
1902 1707 2095 1758 πανηγύρεις
2113 1709 2223 1744 addit
2239 1710 2329 1745 Ald.
2345 1711 2435 1747 κατὰ
2447 1709 2555 1759 θεωρίαν

1606 1765 1852 1816 παραγίνεσθαι.
1872 1765 1943 1801 ἀντὶ
1957 1767 2011 1799 τοῦ
2024 1762 2161 1804 παίζειν.
2184 1763 2219 1800 δὲ
2239 1764 2391 1802 ἐκάλεσε
2405 1769 2450 1801 G.
2469 1785 2509 1791 —
2525 1775 2554 1798 ιο

1606 1819 1786 1867 legebatur
1808 1818 1984 1867 δημοσίων.
2009 1820 2051 1853 V.
2068 1817 2305 1861 συνθύσαντας
2323 1820 2384 1856 καὶ
2399 1833 2568 1868 συμπανηκ

1605 1872 1809 1923 γυρίσαντας.
2389 1868 2392 1871 Δ

1657 1935 1740 1979 343,
1760 1948 1802 1970 12
1817 1933 1941 1975 παίζειν
1960 1933 2084 1969 Suidas
2100 1944 2128 1968 s.
2146 1933 2398 1977 Κοτταὸίζειν.
2415 1932 2550 1982 Legeba-

1608 1995 1666 2023 ιιιι·
1682 1988 1826 2034 παίζειν,
1847 1992 1977 2038 τρυφᾶν.
1996 1992 2117 2037 τρυφᾶν
2143 1996 2297 2034 spectat
2312 1988 2360 2024 ad
2381 1987 2548 2037 συὸαρίζειν.

1606 2068 1655 2075 -
1673 2045 1713 2079 ι3
1727 2044 1884 2092 λαταγεῖα
1896 2042 2034 2079 Suidas.
2048 2040 2240 2090 ἐνέρριπτον
2257 2044 2347 2079 ΛΜ.
2365 2044 2547 2094 ἀνερρίπτουν

2048 2099 2067 2118 α

1606 2129 1680 2178 ἐμὸ.
1698 2145 1729 2166 τι
1749 2130 1885 2166 Suidas.
1904 2150 1942 2156 -
1968 2128 2009 2163 18
2029 2126 2129 2178 μικρὰ
2147 2142 2185 2165 π.
2217 2129 2256 2165 ἐν
2281 2132 2326 2179 τῇ
2347 2131 2439 2181 χειρὶ
2460 2130 2545 2167 Suidae

1606 2184 1685 2219 cod.
1703 2185 1808 2220 Paris.
1824 2186 1861 2220 Α.
1879 2210 1917 2217 -
1933 2196 1977 2217 2ο
1993 2180 2106 2222 ὕδατος
2119 2194 2193 2218 om.
2204 2185 2253 2219 V.
2266 2184 2355 2219 ΑΜ.
2372 2207 2418 2212 --
2434 2197 2471 2219 2ι
2485 2184 2534 2232 χαὶ

1606 2242 1681 2274 κοῧν
1699 2234 1739 2283 ἧν
1765 2241 1808 2275 V.
1825 2234 1865 2282 ἧν
1891 2250 1960 2274 om.
1980 2237 2117 2274 Suidas.
2137 2265 2180 2272 ..
2195 2238 2249 2273 25
2271 2240 2409 2289 βαρηθῇ
2429 2244 2486 2283 R„
2500 2238 2542 2285 qm

1609 2296 1651 2329 26
1667 2307 1738 2329 om.
1756 2293 1965 2329 κατελθοῦσα.
1979 2321 2018 2328 .-
2035 2305 2077 2337 27
2094 2294 2152 2326 τοῦ
2169 2291 2258 2342 ὑπὲρ
2277 2297 2323 2329 V.
2339 2322 2383 2329 .-
2401 2296 2446 2329 28
2457 2293 2491 2336 ἢν
2500 2291 2540 2340 μὲν

1606 2349 1722 2384 Suidae
1739 2347 1795 2383 ed.
1810 2347 1951 2382 mediol.
1968 2348 2051 2395 χυθῇ
2074 2346 2151 2381 sine
2167 2345 2218 2394 μὴ
2236 2349 2282 2383 V.
2297 2347 2385 2383 ΑΜ.
2400 2377 2437 2383 -
2453 2361 2491 2394 29
2499 2347 2538 2380 αὖ·

1606 2400 1656 2442 τὸς
1669 2410 1705 2437 et
1726 2404 1770 2437 30
1785 2400 2004 2450 κεκρυμμένος
2021 2413 2093 2436 om.
2114 2403 2158 2436 R.
2172 2428 2214 2435 -
2235 2403 2279 2437 31
2301 2405 2416 2449 μάνης
2433 2401 2536 2438 suidas.

1606 2454 1836 2492 Scribe-batur
1849 2454 1961 2502 μανής.
2458 2495 2461 2501 Ι

1657 2517 1743 2558 344,
1765 2516 1811 2550 32
1833 2527 1884 2562 sq.
1914 2513 2011 2564 Παρὰ
2035 2512 2095 2558 τὴν
2122 2513 2328 2564 Συὸαριτῶν
2348 2514 2468 2567 τρυφήν
2482 2511 2532 2550 ΑΜ-

1604 2572 1779 2613 πεποίηται
1803 2569 1858 2605 καὶ
1882 2569 1972 2617 (dele
1990 2568 2060 2616 καὶ)
2088 2568 2177 2619 παρὰ
2195 2569 2242 2605 τὰ
2259 2570 2410 2621 συὸάρια
2433 2566 2531 2614 {mhi-

1604 2639 1717 2673 γματα
1733 2623 1981 2674 (ἀποφθέγματα
1992 2626 2035 2657 G.
2051 2631 2086 2658 vt
2098 2623 2304 2660 deteriores
2318 2626 2404 2661 libri
2412 2623 2530 2662 Suidaes

1607 2679 1870 2728 Συὸαριτικαῖς),
1893 2677 1975 2726 ἅπερ
1994 2676 2064 2712 ἐστὶ
2080 2676 2115 2724 (ἅ
2132 2678 2205 2712 ἐστι
2224 2679 2287 2726 G.)
2301 2680 2385 2730 παρ’
2404 2679 2530 2726 Ἐπιχαρ-

1606 2748 1669 2783 μῳ.
1682 2732 1703 2777 ἢ
1720 2731 1809 2782 παρὰ
1823 2732 1882 2777 τὴν
1898 2735 1961 2768 τῶν
1975 2731 2170 2783 Συὸαριτῶν
2183 2733 2319 2783 τρυφήν
2330 2748 2340 2756 ·
2359 2735 2478 2782 λέγουσι
2490 2729 2529 2777 γὶξ

1603 2785 1675 2827 τοὺς
1695 2786 1877 2836 Συὸαρίτας
1891 2785 2081 2822 πολυτελέσι
2093 2785 2274 2836 τραπέζαις
2290 2791 2437 2839 χρῆσθαι
2450 2789 2487 2822 V.
2501 2803 2530 2810 -

1606 2842 1650 2877 35
1674 2840 1838 2891 Συὸάρεια
1855 2841 1992 2878 Suidas.
2010 2839 2250 2876 Scribebatun-
2274 2842 2442 2893 Συὸάρια.
2456 2837 2529 2871 *33

1605 2895 1825 2945 συὸαριασμὸς
1842 2899 1885 2931 V.
1902 2900 1995 2931 Ante
2015 2889 2053 2939 ἦν
2070 2895 2168 2931 deest
2186 2895 2337 2942 syllaba
2357 2910 2443 2939 uua,
2462 2893 2531 2947 vel-¹¹1

1605 2950 1655 3000 ἄρ’
1670 2944 1710 2994 ἦν
1723 2952 1778 2986 vel
1794 2952 1886 2994 ἐπῆν,
1901 2950 2055 2986 Meiuek.
2068 2949 2161 2985 Hist.
2174 2951 2282 2988 Com.
2299 2963 2339 3000 p.
2359 2952 2421 2987 151
2435 2947 2530 2989 τότ’ἠν-

1605 3008 1715 3041 Dum.

1655 3061 1742 3104 346,
1778 3059 1821 3094 50
1852 3058 2055 3094 Diudorfius
2087 3057 2229 3094 addidit
2268 3059 2423 3101 εἷο-Θεσις.
2448 3078 2485 3086 -
2504 3055 2531 3090 53

1603 3113 1818 3163 τετράρυθμος
1838 3115 1876 3148 V.
1901 3113 2051 3160 simplici
2077 3126 2095 3161 ρ
2115 3119 2150 3146 et
2179 3113 2330 3161 reliqua
2363 3108 2532 3162 hujusmodi

1604 3168 1705 3203 infra.
1724 3195 1763 3203 ..
1786 3181 1798 3202 1
1819 3166 1961 3203 παιώνια
1977 3164 2109 3202 διωνικὰ
2125 3165 2188 3217 δίρ.
2203 3171 2249 3205 V.
2274 3195 2314 3202 —
2336 3172 2360 3205 6
2371 3184 2421 3211 τις
2437 3166 2533 3205 otu-V·

1604 3222 1701 3257 Idem
1719 3222 1804 3270 τύχη
1827 3249 1835 3257 .
1851 3220 1862 3258 ἶ
1876 3250 1883 3258 .
1900 3249 1909 3257 .
1934 3236 2005 3270 ρους
2018 3215 2054 3256 οὗ
2072 3223 2093 3264 ἡ
2115 3220 2174 3267 μὲν
2197 3225 2265 3267 V.,
2296 3226 2417 3261 erasis
2431 3224 2533 3270 aliquot

1606 3277 1733 3311 verbis.
1759 3276 1854 3311 Idem
1876 3289 1984 3324 supra
2005 3275 2048 3310 ad
2073 3288 2106 3311 v·
2128 3277 2200 3320 337
2223 3277 2355 3324 διπλῆ·
2376 3273 2535 3322 gustanti?

1605 3331 1701 3379 μέλος
1717 3330 1782 3366 ἀπὸ
1798 3344 1862 3379 προ
1889 3358 1897 3366 .
1914 3358 1923 3367 .
1938 3357 1947 3366 .
1964 3358 1972 3367 .
1998 3330 2145 3377 reiiquis
2160 3332 2280 3369 erasis
2300 3348 2310 3369 :
2331 3336 2432 3371 unde
2451 3339 2534 3369 ven·

1604 3385 1798 3422 lectionem
1828 3384 2049 3421 concinnavi.
2083 3387 2176 3420 Tota
2210 3395 2342 3426 autem
2371 3385 2537 3428 annotatio,

1561 3548 1621 3562 ‘u'-
