2931 4012
608 430 677 462 mo

1293 416 1566 454 ADNOTA‘rlo
1593 417 1642 452 ΙΝ
1668 417 1825 454 scnol..

606 516 680 552 quo
698 500 839 552 ἅσφαλὲς
857 501 1081 538 additum...-
1099 505 1143 542 44
1168 501 1227 543 τῆς
1243 498 1373 540 ἀντλίας
1392 499 1448 542 9.,
1474 498 1535 545 qui
1592 496 1785 548 Ἀλιτήριοι,
1819 499 1882 546 qui
1906 511 1927 535 a
1956 499 2181 546 grammatico
2216 501 2373 537 Bekkeri
2413 513 2536 538 summ

607 558 722 602 45-47
742 556 885 592 omittit.

655 612 725 653 435
750 625 812 658 μου
838 611 958 658 ἐγχανῇ
987 604 1101 644 habet*
1120 608 1245 644 suidas
1270 620 1297 643 s.
1318 605 1536 656 Καταπροΐξῃ.

606 665 714 703 Addit
728 664 804 701 ΑΜ.
828 663 1056 710 καταγελάσεις
1072 676 1132 710 μου
1158 660 1257 711 χωρὶς
1273 660 1406 708 ζημίας·
1420 665 1538 709 προῖκα

604 719 665 770 γὰρ
681 718 788 767 ἔλεγον
801 717 859 762 τὴν
880 717 1008 767 ζημίαν.
1033 718 1088 753 καὶ
1106 717 1249 765 ἀλλαχοῦ
1276 716 1431 764 (Thesm.
1453 716 1537 762 566)

606 790 620 805 c
639 772 725 809 οὗτοι
741 770 787 819 μὰ
809 770 856 807 τὼ
876 769 937 806 θεὼ
956 769 995 807 σὺ
1016 768 1222 820 καταπροίξει
1244 768 1382 817 λέγουσα
1409 767 1511 805 ταυτί.
1524 786 1538 800 2

606 830 627 872 ἡ
649 826 713 877 πρό
729 825 763 861 δὲ
780 825 850 861 ἀντὶ
867 828 925 868 τῆς
946 816 1046 874 ποῖροί.
1070 826 1300 873 προῒκνεῖσθαι.
1320 821 1402 863 τινὲς
1419 822 1453 858 δὲ
1475 821 1539 858 ἀπὸ

605 883 661 917 τοῦ
687 878 829 924 ἵξεσθαι,
850 878 871 915 ὅ
895 879 964 914 ἐστι
983 877 1104 928 δωρεάν
1126 891 1199 913 τινα
1225 876 1347 913 λαὸεἷν.
1372 876 1540 925 Ἡρόδοτος

606 950 620 968 t
640 936 676 970 οὗ
693 932 755 984 γὰρ
770 932 809 976 δὴ
821 932 881 980 ἐμέ
890 947 927 981 γε
938 927 1001 969 ὦδε
1013 930 1237 978 λωὸησόμενος
1255 929 1511 980 καταπροΐξεται.
1524 946 1539 961 υ

606 987 792 1036 Ἀρχίλοχος
813 1002 826 1018 κ
840 980 875 1021 εὖ
893 986 920 1021 δ’
938 986 1055 1024 ἐκεῖνος
1077 986 1113 1020 οὗ
1130 981 1411 1034 καταπροΐξεται.»
1428 983 1538 1032 Ἡρω-

608 1041 713 1082 διανὸς
737 1040 771 1076 δὲ
798 1042 830 1076 ἐν
857 1041 1079 1088 ἐπιμερισμοῑς
1097 1037 1187 1088 παρὰ
1210 1037 1248 1074 τὸ
1270 1037 1353 1074 ἵσσω
1379 1037 1467 1088 φησί.
1485 1037 1539 1074 καὶ

608 1094 794 1145 Ἀρχίλοχος
810 1109 825 1125 α
838 1092 994 1142 προτείνω
1013 1097 1107 1142 χεῖρα
1128 1091 1184 1128 καὶ
1201 1090 1406 1142 προΐσσομαι,
1419 1108 1434 1124 n
1453 1094 1542 1136 Quae

607 1147 820 1194 interpolata
839 1155 919 1181 sunt
934 1158 976 1181 ex
992 1146 1101 1182 suida
1119 1158 1145 1181 s.
1164 1142 1432 1195 Καταπροίξεται.

659 1202 741 1246 436,
765 1213 779 1235 1
800 1199 822 1243 ἢ
838 1199 891 1235 καὶ
907 1212 977 1235 om.
995 1201 1038 1236 Θ.
1058 1199 1115 1235 καὶ
1131 1212 1201 1234 om.
1221 1202 1262 1235 V.
1279 1222 1316 1229 —
1330 1200 1349 1233 3
1368 1199 1484 1238 κάλους
1496 1199 1539 1235 Θ.

660 1256 741 1300 437,
763 1255 784 1289 8
808 1254 926 1303 πρίσας
940 1251 1033 1289 αὐτὸν
1050 1255 1093 1288 V.
1105 1275 1145 1283 —
1163 1265 1175 1287 1
1188 1265 1200 1288 1
1220 1258 1309 1289 πνεῖν
1326 1251 1483 1288 additum
1499 1264 1541 1288 ex

608 1309 707 1345 8.-
731 1314 771 1350 14
794 1306 895 1344 νότον.
918 1308 1030 1343 Stulte
1051 1320 1060 1341 :
1086 1319 1167 1342 nam
1188 1307 1317 1342 Caecias
1342 1320 1363 1342 a
1392 1306 1542 1342 solstitio

609 1363 732 1398 aestivo
750 1362 820 1397 flat.
844 1365 975 1397 Βιςιιτι..
999 1382 1039 1390 -—
1062 1362 1104 1396 16
1123 1360 1240 1396 κακίαν
1256 1360 1312 1396 καὶ
1329 1359 1542 1410 συκοφαντίαν

609 1416 702 1451 Θ.-
720 1428 759 1459 17
784 1414 877 1450 αὐτὸν
897 1415 989 1450 Θ.--
1005 1415 1045 1450 18
1064 1413 1136 1449 κάκ’
1155 1414 1203 1463 ἐφ’
1221 1412 1317 1449 αὑτὸν
1336 1412 1439 1449 ἕλκων
1464 1415 1508 1452 ὡς
1526 1415 1544 1449 ὁ

609 1467 736 1509 καικίας
748 1467 828 1517 νέφη
839 1468 1025 1504 Bentleius.
1043 1467 1206 1504 Aliorum
1220 1468 1433 1516 scriptorum
1447 1468 1544 1503 locos

611 1522 760 1570 qui—hoc
778 1521 969 1568 proverbio
985 1522 1040 1557 usi
1065 1528 1147 1556 sunt
1164 1521 1368 1557 indicarunt
1385 1524 1545 1568 wytten-

611 1575 760 1612 bachius
786 1574 830 1610 ad
853 1574 1031 1610 Plutarchi
1058 1574 1184 1610 Moral.
1204 1587 1239 1622 p.
1260 1576 1319 1622 88,
1338 1578 1393 1619 D,
1420 1576 1489 1611 vol.
1509 1576 1544 1618 6,

610 1642 646 1677 p.
662 1630 745 1672 621,
763 1635 799 1664 et
819 1627 1052 1664 Schneiderus
1068 1627 1112 1663 ad
1123 1628 1357 1676 Theophrast.
1371 1629 1440 1664 vol.
1456 1634 1488 1672 4,
1507 1641 1543 1676 p.

612 1696 693 1729 7⁰¹·
709 1686 819 1718 Dum.

611 1753 628 1782 b·
662 1736 743 1778 438,
763 1737 808 1771 23
824 1734 998 1777 Ἀθηναίοις
1016 1735 1058 1772 Θ.
1074 1757 1113 1765 -
1130 1740 1175 1777 24
1196 1736 1226 1771 οἱ
1240 1748 1309 1770 om.
1329 1738 1372 1770 V.
1390 1736 1435 1771 Θ.
1447 1759 1486 1766 -
1500 1737 1545 1772 25

612 1790 701 1839 σφῶν
721 1788 904 1824 Dobraeus.
924 1788 1122 1836 Legebatur
1141 1789 1188 1839 ἐφ’
1205 1784 1262 1825 ὧν.
1275 1812 1313 1820 --
1330 1790 1374 1823 26
1394 1789 1546 1839 ἐξανδρα-

613 1841 812 1885 ποδήσαντες
837 1846 878 1878 V.
904 1866 941 1872 —
967 1844 1012 1877 32
1041 1844 1138 1878 αὐτοῦ
1164 1844 1208 1879 Θ.
1236 1865 1275 1876 -ε-
1294 1844 1337 1879 33
1370 1841 1415 1890 μὴ
1442 1842 1546 1885 ἄλλως

613 1896 815 1932 Valckenar.
835 1896 877 1932 ad
906 1896 1076 1932 Herodot.
1105 1903 1125 1938 4
1137 1923 1148 1941 ,
1182 1909 1238 1940 77.
1273 1897 1470 1944 Legebatur
1499 1896 1544 1944 μὴ

614 1949 719 1999 μάτην
728 1978 738 1995 ,
750 1949 821 1985 ἀλλ’
834 1953 877 1991 ὡς
887 1949 970 1999 περὶ.
978 1950 1083 1986 Dind.
1097 1950 1241 1998 conjicit
1253 1950 1300 1998 μὴ
1314 1950 1489 1995 τηνᾶλλως.
1508 1974 1547 1982 -

614 2005 658 2044 34
674 2002 728 2039 τὸν
754 2016 824 2039 om.
836 2007 878 2040 V.
893 2005 936 2040 Θ.
948 2027 988 2034 -
1005 2005 1047 2039 35
1062 2004 1244 2051 legebatur
1259 2003 1507 2053 προὸάλλεσθαι.

663 2058 746 2105 439,
767 2058 810 2101 37
825 2057 878 2093 τὸν
898 2057 1042 2093 Κλέωνα.
1056 2060 1132 2092 Imo
1150 2056 1203 2093 τὸν
1223 2057 1486 2104 ἀλλαντοπώλην,
1507 2066 1546 2094 ut

612 2119 698 2146 nota
724 2112 798 2146 haec
825 2123 904 2145 cum
923 2110 1202 2158 praecedentibus
1221 2113 1416 2148 conveniat.
1440 2112 1544 2148 Kusr.

612 2175 649 2182 ···
669 2165 714 2198 38
729 2165 793 2198 τῶν
808 2162 971 2199 ταλάντων
990 2168 1032 2198 V.
1049 2166 1092 2200 Θ.
1104 2188 1142 2195 -
1155 2166 1201 2210 39
1215 2165 1357 2201 ἐνδοῦναι
1377 2177 1448 2201 om.
1466 2167 1509 2202 Θ.

664 2222 752 2259 440,
778 2217 824 2257 43
844 2230 900 2264 πρ.
921 2216 1053 2252 καλοῦσι
1075 2217 1130 2253 καὶ
1150 2216 1248 2258 οὕτως
1258 2220 1300 2255 Θ.
1327 2241 1366 2249 -
1382 2221 1428 2259 45
1445 2220 1544 2268 ὓπερ-

614 2267 665 2312 ίδη
684 2271 727 2304 V.

664 2327 730 2364 441
745 2348 756 2366 ,
775 2328 795 2364 4
814 2322 930 2358 κακίαν
948 2321 1002 2358 καὶ
1020 2323 1232 2372 συκοφαντίαν
1250 2325 1292 2362 Θ.
1317 2347 1356 2355 -
1374 2326 1394 2360 5
1418 2325 1478 2374 ἔφη
1500 2327 1543 2363 Θ.

613 2376 726 2411 ἑαυτοῦ
745 2375 886 2422 γίνεσθαι
901 2378 940 2411 V.

663 2434 751 2473 442,
769 2442 792 2476 9
812 2427 873 2479 γὰρ
893 2442 962 2465 om.
979 2430 1073 2467 9.-
1094 2443 1135 2465 10
1156 2430 1234 2481 φησὶ
1248 2430 1309 2482 γὰρ
1328 2430 1379 2483 ὅτι
1403 2434 1445 2470 Θ.
1471 2436 1544 2469 ἑκα-

611 2481 839 2522 τονταλάντους
856 2482 1036 2519 Dobraeus.
1051 2484 1164 2520 ἑκατόν
1184 2486 1226 2520 Θ.
1245 2484 1323 2535 δέκα
1340 2490 1382 2521 V.
1398 2487 1478 2523 A1d.

611 2538 617 2560 ί
661 2534 743 2580 445,
771 2536 811 2570 13
837 2535 1016 2581 Κυλωνίου,
1041 2542 1082 2580 14
1098 2538 1367 2585 συγκλεισθέντες,
1390 2553 1429 2584 17
1451 2540 1544 2576 αὐτὸν

611 2588 652 2624 Θ.
666 2610 704 2617 -
719 2600 765 2624 2ο
780 2589 962 2638 Μεγαρίδου
982 2593 1024 2626 V.
1038 2613 1077 2621 -
1095 2604 1136 2627 21
1164 2591 1322 2643 Θυγατέρα
1341 2593 1383 2630 Θ.
1406 2599 1544 2641 γυναῖκα

612 2640 689 2675 Ald.
714 2662 751 2670 -
779 2646 823 2682 24
847 2642 1092 2690 προσλαμὸάνει
1117 2645 1161 2680 Θ.
1176 2667 1215 2674 -
1239 2646 1284 2680 26
1308 2645 1458 2694 ἐλῄστευε
1488 2646 1544 2683 καὶ

613 2692 768 2728 additum
783 2705 827 2729 ex
843 2695 886 2731 Θ.
901 2695 997 2731 Idem
1016 2696 1137 2747 ἐλήφθη
1159 2695 1193 2732 δὲ
1207 2698 1272 2734 καὶ.
1288 2704 1331 2735 V.
1352 2699 1397 2734 ἐλ.
1412 2698 1447 2734 δέ
1465 2714 1543 2749 φησι

612 2744 679 2780 καὶ.
705 2768 744 2775 -
771 2758 817 2792 29
847 2747 1094 2791 ἀποσπάσαντες
1127 2753 1264 2787 Portus.
1303 2752 1543 2796 ἀπαντήσαντες

612 2801 654 2833 V.
683 2799 725 2834 Θ.
752 2799 976 2843 ἀπατήσαντες
997 2802 1070 2838 Ald.
1095 2801 1165 2843 τοὺς
1186 2803 1220 2840 δὲ
1242 2809 1284 2841 V.
1305 2806 1347 2842 Θ.
1364 2829 1403 2836 -
1428 2807 1541 2842 33-38

612 2862 682 2885 om.
697 2851 739 2886 Θ.
760 2854 801 2886 In
824 2853 891 2887 fine
905 2854 1005 2889 addit
1022 2854 1096 2892 ΑΜ.
1117 2855 1298 2900 ἐκλήθησαν
1316 2858 1344 2894 δ’
1361 2860 1498 2895 ἐντεῦθεν
1513 2862 1542 2896 οἵ

611 2903 780 2953 ἀλιτήριοι.
802 2905 896 2951 λιμὸς
914 2906 1071 2943 κατέλαὸέ
1088 2923 1165 2945 ποτε
1182 2910 1253 2951 τοὺς
1271 2911 1469 2959 Ἀθηναίους,
1488 2915 1541 2950 καὶ

610 2958 640 2992 οἳ
659 2955 794 2999 πένητες
814 2956 856 2993 τὰ
873 2961 936 2994 τῶν
954 2959 1112 2997 ἀλούντων
1138 2962 1256 3014 ἄλευρα
1272 2964 1444 3015 διήρπαζον
1456 2980 1464 2988 ·
1478 2967 1542 3004 ἀπὸ

609 3012 685 3056 γοῦν
712 3010 839 3046 ἐκείνων
869 3018 1136 3062 καταχρηστικῶς
1156 3014 1226 3057 τοὺς
1251 3017 1406 3067 πονηροὺς
1430 3020 1542 3064 ἀλιτη-

527 3094 534 3101 ,
611 3063 694 3113 ρίους
721 3064 866 3100 ἐκάλουν.
887 3064 1053 3114 παρέτεινε
1082 3067 1114 3103 δὲ
1142 3069 1180 3105 τὸ
1196 3070 1296 3118 ὄνομα
1316 3072 1371 3107 καὶ
1398 3072 1451 3108 ἐπὶ
1477 3077 1540 3109 τῶν

609 3116 692 3164 μετὰ
707 3117 776 3165 βίας
793 3132 825 3153 τι
845 3117 1019 3155 ποιούντων
1030 3148 1039 3165 ,
1060 3120 1124 3156 ἀπὸ
1142 3124 1201 3165 τῆς
1218 3124 1374 3165 σιτοδείας
1384 3127 1442 3169 τῆς
1457 3127 1541 3163 κατὰ

608 3169 661 3205 τὸν
680 3170 858 3207 Αἰτωλικὸν
877 3171 1017 3220 πόλεμον
1034 3175 1215 3223 γενομένης.
1236 3175 1334 3214 Ἔστι
1355 3179 1389 3215 δὲ
1405 3181 1459 3216 καὶ
1477 3194 1540 3216 πα-

611 3222 762 3272 ραγώγως
783 3225 846 3261 ἀπὸ
870 3229 926 3261 τοῦ
952 3228 1156 3278 ἀλιτραίνειν,
1183 3228 1203 3265 ὅ
1221 3231 1306 3266 ἐστιν
1334 3232 1538 3283 ἁμαρτάνειν.

1590 553 1722 588 Auecd.
1743 565 1778 600 p.
1799 555 1879 598 377.
1904 556 2014 589 Dum.

1641 608 1724 650 448,
1745 608 1791 653 39
1809 610 1979 657 φρουροῦσι
1996 611 2036 645 V.

1642 664 1728 705 449,
1747 665 1790 701 44
1808 659 1896 709 εἴπερ
1912 661 1959 709 τῷ
1977 660 2055 696 Ald.
2071 683 2109 691 —
2127 662 2171 702 46
2188 663 2207 697 ὃ
2222 674 2295 697 om.
2310 665 2358 698 V.
2376 663 2478 699 9.-
2497 663 2538 699 52

1592 712 1731 748 videtur
1747 714 1878 762 aliquid
1896 714 2014 749 deesse
2029 726 2036 748 :
2062 726 2141 749 nam
2159 718 2337 752 sententia
2357 725 2463 753 certe
2476 718 2540 754 im-

1594 766 1749 813 perfecta
1773 775 1843 812 est3
1865 780 1904 803 ea
1925 768 1973 802 ita
1993 767 2152 814 suppleri
2177 777 2322 817 potest:
2349 769 2539 818 γεγονέναι,

1592 818 1645 855 τὸν
1667 820 1917 865 ἀλλαντοπώλην
1941 819 2194 858 ἀντιδιαὸἄλλειν
2218 823 2275 859 τὸν
2302 823 2475 869 Κλέωνα,
2500 826 2540 865 ὣς

1593 875 1630 910 ἐκ
1646 876 1709 909 τῶν
1728 874 2018 912 ἐπιὸουλευσάντων
2036 885 2100 911 cel.
2125 880 2267 912 Dumna.
2278 901 2321 909 -
2345 878 2396 921 54
2414 879 2539 929 Μυρίνῃ

1593 934 1628 962 et
1642 939 1724 962 mox
1741 928 1883 978 Μυρίνην
1904 933 1946 966 V.

1644 982 1728 1027 452,
1752 995 1793 1017 ιο
1808 983 2029 1021 scribebatur
2051 983 2245 1033 ἀνταρᾶται,
2264 985 2371 1032 quqd
2386 986 2540 1022 correxit

1594 1038 1782 1071 Kusterus.

1645 1090 1726 1134 453,
1746 1092 1786 1126 13
1802 1090 2037 1136 διακελεύεται,
2060 1098 2100 1134 14
2121 1093 2223 1128 κῶλον
2244 1093 2350 1128 αὖτὀῧ
2368 1094 2416 1130 Θ.

1646 1144 1726 1186 456,
1753 1157 1794 1189 17
1815 1145 1967 1186 κωλύσεις
1985 1150 2077 1182 V.—
2092 1149 2134 1182 18
2152 1149 2207 1182 τοῦ
2230 1146 2345 1183 κώλου
2363 1149 2432 1183 τῶν
2456 1145 2538 1184 ἔντε’·

1596 1211 1671 1246 ρων,
1695 1211 1736 1244 19
1748 1203 1814 1238 τοῖς
1831 1199 1925 1235 αὐτὸν
1938 1201 1981 1237 Θ.

1646 1253 1727 1295 462,
1743 1253 1787 1287 26
1800 1254 1929 1293 πολλοῖς
1948 1254 2073 1304 τρόποις
2084 1253 2138 1290 καὶ
2149 1254 2257 1301 λόγοις
2274 1253 2445 1305 ἐκέχρητο
2461 1256 2502 1293 Θ.

1647 1306 1729 1346 463,
1755 1309 1800 1341 28
1819 1306 1959 1342 videtur
1978 1307 2226 1358 συναρμόζοντες
2245 1310 2305 1344 vel
2323 1309 2455 1345 saltem
2467 1323 2536 1345 συν-

1597 1357 1814 1407 αρμονίζοντες
1831 1360 2022 1407 scripsisse.
2037 1364 2148 1396 Dum.

1647 1412 1714 1453 464
1726 1440 1735 1456 ,
1754 1414 1799 1447 3ο
1825 1412 1963 1450 Ἀττικοὶ
1992 1427 2063 1452 om.
2091 1415 2216 1451 Suidas
2243 1427 2271 1451 s.
2300 1414 2533 1467 Ἃμαξουργοί,

1597 1463 1695 1500 addit
1709 1464 1847 1512 λέγουσι.
1860 1467 2026 1503 Scholion
2043 1480 2113 1503 om.
2128 1469 2170 1505 Θ.

1649 1518 1730 1563 465,
1751 1519 1795 1561 45
1807 1521 1848 1568 τῇ
1863 1519 2148 1568 πόλει-γενέσθαι
2163 1522 2205 1557 Θ.
2225 1522 2349 1570 Vulgo
2362 1523 2531 1573 παρρησία.

1649 1573 1730 1616 468,
1751 1573 1795 1608 50
1813 1574 1921 1618 ἐπειδὴ
1942 1577 1959 1610 ὁ
1986 1575 2047 1611 Κλ.
2062 1579 2255 1617 τεκτονικοῖς
2272 1575 2446 1626 ἐχρήσατο
2468 1577 2532 1613 ὀνό-

1600 1640 1696 1673 μασιν
1716 1628 1760 1663 Θ.
1775 1649 1814 1657 -
1831 1630 1874 1664 52
1890 1627 1923 1664 δὲ
1940 1628 2110 1677 ἐπήνεγκεν
2128 1630 2171 1665 Θ.

1649 1681 1731 1726 469,
1752 1682 1772 1716 3
1788 1686 1853 1721 τοῖς
1873 1684 1937 1717 τῶν
1949 1682 1979 1718 λ’
1994 1684 2079 1719 Λακ.
2092 1686 2134 1719 V.
2149 1687 2216 1724 τοῖς
2229 1683 2297 1719 ἀπὸ
2311 1686 2379 1720 τῶν
2398 1686 2481 1721 An.
2492 1685 2528 1721 Θ.

1600 1755 1647 1762 -—
1666 1734 1687 1768 5
1701 1732 1839 1771 ὤλεσθαι
1859 1739 1899 1771 V.

1649 1794 1730 1831 471,
1758 1800 1795 1823 ιι
1818 1788 1961 1825 δουλείαν
1980 1790 2021 1826 Θ.
2042 1802 2109 1838 pro
2124 1790 2244 1826 δοῦναι.

1650 1843 1730 1886 478,
1744 1855 1788 1877 22
1802 1855 1852 1891 sq.
1863 1842 2020 1893 Ἀργείους
2036 1842 2091 1880 καὶ
2108 1843 2391 1891 Λακεδαιμονίους
2403 1845 2530 1881 συνιέναι

1601 1899 1641 1932 V.
1654 1918 1692 1925 —
1705 1909 1748 1941 27
1770 1897 1917 1933 sortasse
1936 1897 2087 1941 διαὸολῆς
2104 1898 2164 1945 οὐχ
2179 1896 2322 1933 ἅπτεται
2335 1900 2410 1942 τῆς.
2432 1902 2528 1935 Duo.

1600 1951 1744 1986 ἀπατᾶτε
1762 1951 1806 1986 Θ.

1649 2004 1731 2047 481,
1749 2005 1795 2050 39
1809 2003 1888 2053 ἴδρις
1904 2005 1921 2039 ὁ
1937 2003 2004 2045 Θεὸς
2020 2003 2148 2052 λέγεται
2166 1998 2249 2040 εἶναι
2271 2006 2319 2042 Θ.

1650 2058 1729 2102 482,
1745 2058 1790 2099 45
1810 2055 1911 2107 ἔργοις
1928 2058 1956 2092 δ.
1971 2055 2024 2093 ἵνα
2040 2071 2071 2105 γ.
2084 2058 2139 2094 καὶ
2153 2073 2189 2094 π.
2210 2059 2243 2094 ἐν
2261 2059 2388 2110 πρώτῳ
2410 2062 2454 2098 Θ.

1651 2112 1733 2156 485,
1753 2111 1797 2146 5ο
1824 2111 1939 2161 δραμεῖ
1959 2112 2021 2160 γὰρ
2045 2112 2262 2160 scripsimuS.
2288 2115 2331 2149 V.
2355 2115 2524 2164 δραμεῖται.

1599 2164 1779 2200 Edebatur
1797 2166 1917 2215 δραμῇ.
1940 2188 1978 2195 -
2002 2164 2136 2213 ἔμελλον
2152 2164 2238 2201 θεύσ.
2266 2168 2311 2204 Θ.
2326 2166 2447 2215 ἔμελλε
2468 2166 2526 2203 θεύ-

1599 2221 1711 2254 σεσθαι
1732 2218 1811 2254 ΑΙά.

1649 2277 1731 2318 490,
1748 2271 1953 2319 &somnone
1967 2273 2150 2308 Dobraeus.
2172 2274 2380 2321 Legebantur
2398 2274 2525 2324 βούλονς.

1649 2333 1730 2372 491,
1752 2338 1793 2361 10
1810 2325 1847 2367 ἃς
1865 2324 1980 2373 ἔμελλε
1994 2330 2035 2362 V.

1650 2384 1729 2425 492,
1755 2385 1795 2421 14
1816 2377 1849 2416 δὲ
1866 2382 1939 2416 καλ.
1961 2388 1997 2416 et
2012 2381 2249 2431 κηρωματηταί
2271 2383 2317 2417 Θ.

1650 2434 1729 2479 493,
1752 2435 1793 2468 16
1808 2433 1877 2469 τοδί
1892 2435 1937 2470 Θ.

1650 2492 1730 2532 497,
1750 2488 1793 2522 3ο
1811 2487 1950 2523 κάκιστα
1964 2487 2003 2532 δὴ
2021 2491 2114 2525 τοῦτο
2133 2490 2151 2524 ὁ
2165 2490 2294 2539 πρῶτος
2309 2489 2473 2527 &neam
2488 2492 2524 2528 Θ-

1597 2563 1636 2570 -
1652 2541 1694 2584 37
1725 2539 1922 2591 ἑπτάμετρον
1948 2542 1983 2578 δέ
2001 2544 2069 2578 ἐστι
2090 2544 2134 2580 Θ.
2149 2566 2187 2573 -
2214 2549 2259 2587 47
2286 2544 2470 2591 legebatur
2499 2543 2525 2584 ἐξ

1600 2591 1733 2630 Ἰολάου.
1763 2595 1832 2631 Sed
1863 2598 1905 2631 V.
1924 2594 1954 2637 ἐξ
1977 2595 2142 2638 Ἰοκλέους.
2168 2601 2210 2633 V.
2237 2598 2468 2635 Dindorfium
2488 2597 2524 2634 nd

1599 2646 1791 2694 fragmenta
1802 2650 1998 2697 Sophoclis.
2014 2650 2047 2686 δὲ
2067 2651 2147 2687 add.
2163 2654 2204 2687 V.
2218 2653 2265 2689 Θ.

1649 2701 1729 2745 503,
1747 2714 1767 2737 2
1790 2700 1891 2747 ἑξῆςῆ
1910 2703 2091 2754 ἀναστροφὴ
2104 2703 2158 2740 καὶ
2177 2703 2260 2751 μετὰ
2278 2708 2386 2741 ταῦτα
2401 2705 2522 2754 τὸέπίρ-

1599 2768 1686 2803 ρημα
1704 2755 1760 2800 Θ.,
1776 2764 1993 2802 postremum
2009 2758 2115 2792 etiam
2130 2761 2172 2793 V.
2191 2778 2240 2786 —
2256 2760 2279 2794 6
2305 2759 2338 2795 δ’
2357 2772 2430 2796 om.
2444 2763 2485 2795 V.
2497 2779 2523 2785 —

1599 2820 1617 2851 7
1637 2806 1751 2857 ἑτέρων
1767 2808 1876 2845 ἅπτων
1895 2810 1974 2858 [sic]
1990 2814 2028 2846 V.

1647 2862 1729 2907 507,
1747 2861 1839 2898 8-16
1860 2875 1930 2899 om.
1959 2865 2001 2901 Θ.
2018 2885 2065 2892 —-
2086 2877 2108 2911 9
2136 2864 2334 2901 ἀνάπαιστοι
2354 2869 2397 2903 V.
2419 2886 2467 2895 —
2491 2878 2524 2901 ιο

1597 2914 1662 2963 μθ.
1679 2919 1722 2951 G.
1746 2936 1788 2942 —
1811 2919 1853 2952 16
1868 2915 1949 2957 ὅλως
1965 2919 2002 2953 ἐκ
2019 2919 2062 2955 Θ.

1647 2969 1729 3014 508,
1751 2982 1794 3005 22
1814 2971 1978 3021 ἀπῆρκται
1996 2973 2040 3008 Θ.
2061 2971 2245 3022 ἀπήρτηται
2263 2973 2394 3010 snidas
2414 2986 2442 3010 s.
2458 2974 2524 3010 na-

1598 3022 1740 3072 ροίὸασις.
1762 3025 1898 3060 Deinde
1924 3027 2032 3061 ἑστᾶσι
2054 3023 2112 3073 μὲν
2135 3026 2275 3062 Suidas.
2299 3027 2316 3062 i
2393 3025 2453 3075 μὲν
2474 3026 2526 3074 (sic

1595 3089 1674 3112 cum
1693 3077 1831 3125 lacuna)
1848 3081 1891 3116 V.
1912 3079 1989 3115 Ald.
2007 3078 2099 3127 ἔμενε
2124 3083 2167 3115 G.
2186 3082 2216 3116 ot
2236 3078 2295 3127 μὲν
2313 3081 2361 3117 Θ.
2378 3100 2426 3109 -
2444 3086 2487 3122 24
2504 3080 2527 3114 εἰ

1593 3131 1672 3180 πρὸς
1688 3131 1746 3175 τὴν
1765 3135 1804 3166 V.
1830 3133 1873 3172 εἷς
1899 3132 1957 3176 τὴν
1977 3135 2020 3170 Θ.
2039 3157 2087 3164 --
2106 3135 2150 3169 26
2179 3133 2217 3169 τὸ
2240 3133 2376 3185 θέατρον
2402 3134 2525 3171 Suidas.

1595 3185 1664 3227 Qui
1683 3185 1796 3229 addit,
1815 3180 1884 3221 εἶτα
1901 3186 2073 3227 διελθόντες
2083 3186 2141 3231 τὴν
2160 3187 2371 3236 καλουμένην
2381 3186 2525 3235 mgni&-

1594 3251 1663 3284 σιν,
1683 3238 1871 3289 ἐστρέφοντο
1884 3240 1982 3276 πάλιν
1995 3242 2038 3281 εἰς
2050 3239 2109 3284 τὴν
2122 3240 2283 3291 προτέραν
2299 3241 2427 3279 στάσιν.
2442 3242 2526 3286 δῆλον

609 3275 805 3320 λαμὸἄνεται
830 3278 864 3315 δὲ
887 3279 923 3316 τὸ
943 3282 1114 3332 ἀλιτηρίων
1134 3284 1188 3320 καὶ
1223 3285 1292 3321 ἀντὶ
1317 3290 1372 3322 τοῦ
1395 3289 1537 3337 ἀστοχη-
1594 3290 1626 3327 δὲ
1636 3295 1778 3328 ποιοῦσιν
1796 3293 1884 3328 αὐτοὶ
1897 3295 1926 3329 οἳ
1938 3294 2087 3339 ποιηταὶ,
2102 3294 2140 3329 τὸ
2153 3293 2353 3344 στρέφεσθαι
2368 3292 2526 3341 eandm

611 3326 731 3365 σάντων
751 3331 805 3368 καὶ
827 3334 1062 3385 ἀποτυχόντων.
1080 3340 1214 3375 Inserta
1232 3348 1312 3375 sunt
1329 3352 1372 3376 ex
1388 3342 1495 3378 suida
1511 3356 1537 3378 5.
1590 3357 1643 3382 τες
1658 3345 1712 3379 καὶ
1729 3344 1766 3380 τὸ
1782 3346 2002 3395 παραόαίνειν.
