<?xml version="1.0" encoding="UTF-8"?>
<!DOCTYPE html PUBLIC "-//W3C//DTD XHTML 1.0 Transitional//EN"
    "http://www.w3.org/TR/xhtml1/DTD/xhtml1-transitional.dtd">
<html xmlns="http://www.w3.org/1999/xhtml" xml:lang="en" lang="en">
 <head>
  <title>
</title>
<meta http-equiv="Content-Type" content="text/html;charset=utf-8" />
  <meta name='ocr-system' content='tesseract 3.04.00' />
  <meta name='ocr-capabilities' content='ocr_page ocr_carea ocr_par ocr_line ocrx_word'/>
</head>
<body>
  <div class='ocr_page' id='page_1' title='image "./scholiagraecain00dbgoog_0009.png"; bbox 0 0 2931 4012; ppageno 0'>
   <div class='ocr_carea' id='block_1_1' title="bbox 715 471 2225 492">
    <p class='ocr_par' dir='ltr' id='par_1_1' title="bbox 715 471 2225 492">
     <span class='ocr_line' id='line_1_1' title="bbox 715 471 2225 492; baseline 0 3520"><span class='ocrx_word' id='word_1_1' title='bbox 715 471 2225 492; x_wconf 95' lang='lat' dir='ltr'><strong> </strong></span> 
     </span>
    </p>
   </div>
   <div class='ocr_carea' id='block_1_2' title="bbox 1127 663 1794 752">
    <p class='ocr_par' dir='ltr' id='par_1_2' title="bbox 1127 663 1794 752">
     <span class='ocr_line' id='line_1_2' title="bbox 1127 663 1794 752; baseline -0.001 0"><span class='ocrx_word' id='word_1_2' title='bbox 1127 664 1398 752; x_wconf 82' lang='lat' dir='ltr'><strong>PRAE</strong></span> <span class='ocrx_word' id='word_1_3' title='bbox 1427 663 1794 752; x_wconf 86' lang='lat' dir='ltr'><strong>FATIO.</strong></span> 
     </span>
    </p>
   </div>
   <div class='ocr_carea' id='block_1_3' title="bbox 677 1116 2315 1909">
    <p class='ocr_par' dir='ltr' id='par_1_3' title="bbox 1445 1116 1765 1142">
     <span class='ocr_line' id='line_1_3' title="bbox 1445 1116 1765 1142; baseline 0.009 -3"><span class='ocrx_word' id='word_1_4' title='bbox 1445 1120 1453 1127; x_wconf 66' lang='lat'><em>‘</em></span> <span class='ocrx_word' id='word_1_5' title='bbox 1487 1130 1492 1137; x_wconf 82' lang='lat'><em>.</em></span> <span class='ocrx_word' id='word_1_6' title='bbox 1601 1117 1735 1142; x_wconf 48' lang='lat' dir='ltr'><strong>etas-0</strong></span> <span class='ocrx_word' id='word_1_7' title='bbox 1757 1116 1765 1125; x_wconf 81' lang='grc'><em>“</em></span> 
     </span>
    </p>

    <p class='ocr_par' dir='ltr' id='par_1_4' title="bbox 677 1170 2315 1909">
     <span class='ocr_line' id='line_1_4' title="bbox 735 1170 2307 1233; baseline 0.001 -16"><span class='ocrx_word' id='word_1_8' title='bbox 735 1173 1015 1217; x_wconf 85' lang='lat' dir='ltr'><strong>Scholiorum</strong></span> <span class='ocrx_word' id='word_1_9' title='bbox 1040 1181 1235 1214; x_wconf 87' lang='lat' dir='ltr'><strong>veterum</strong></span> <span class='ocrx_word' id='word_1_10' title='bbox 1263 1173 1306 1214; x_wconf 89' lang='lat' dir='ltr'><strong>in</strong></span> <span class='ocrx_word' id='word_1_11' title='bbox 1330 1172 1687 1232; x_wconf 76' lang='lat' dir='ltr'>Aristophanem,</span> <span class='ocrx_word' id='word_1_12' title='bbox 1715 1189 1811 1232; x_wconf 85' lang='lat' dir='ltr'><strong>quae</strong></span> <span class='ocrx_word' id='word_1_13' title='bbox 1830 1190 1920 1217; x_wconf 87' lang='lat' dir='ltr'><strong>non</strong></span> <span class='ocrx_word' id='word_1_14' title='bbox 1945 1174 2202 1233; x_wconf 79' lang='lat' dir='ltr'><strong>prostabant</strong></span> <span class='ocrx_word' id='word_1_15' title='bbox 2220 1170 2307 1218; x_wconf 85' lang='lat' dir='ltr'><strong>nisi</strong></span> 
     </span>
     <span class='ocr_line' id='line_1_5' title="bbox 678 1247 2306 1309; baseline 0.001 -18"><span class='ocrx_word' id='word_1_16' title='bbox 678 1248 922 1292; x_wconf 83' lang='lat' dir='ltr'><strong>multorum</strong></span> <span class='ocrx_word' id='word_1_17' title='bbox 953 1247 1232 1291; x_wconf 88' lang='lat' dir='ltr'><strong>voluminum</strong></span> <span class='ocrx_word' id='word_1_18' title='bbox 1267 1247 1605 1300; x_wconf 77' lang='lat' dir='ltr'><strong>collectionibus</strong></span> <span class='ocrx_word' id='word_1_19' title='bbox 1636 1249 1781 1292; x_wconf 88' lang='lat' dir='ltr'><strong>Beckii</strong></span> <span class='ocrx_word' id='word_1_20' title='bbox 1817 1250 2089 1309; x_wconf 83' lang='lat' dir='ltr'><strong>Bekkerique</strong></span> <span class='ocrx_word' id='word_1_21' title='bbox 2121 1250 2306 1306; x_wconf 82' lang='lat' dir='ltr'><strong>inclusa,</strong></span> 
     </span>
     <span class='ocr_line' id='line_1_6' title="bbox 678 1324 2307 1385; baseline 0.002 -18"><span class='ocrx_word' id='word_1_22' title='bbox 678 1325 989 1384; x_wconf 87' lang='lat' dir='ltr'><strong>parabiliorem</strong></span> <span class='ocrx_word' id='word_1_23' title='bbox 1030 1324 1195 1368; x_wconf 88' lang='lat' dir='ltr'><strong>librum</strong></span> <span class='ocrx_word' id='word_1_24' title='bbox 1221 1324 1423 1367; x_wconf 91' lang='lat' dir='ltr'><strong>emittere</strong></span> <span class='ocrx_word' id='word_1_25' title='bbox 1464 1325 1825 1379; x_wconf 76' lang='lat' dir='ltr'><strong>decreveramus,</strong></span> <span class='ocrx_word' id='word_1_26' title='bbox 1866 1341 2003 1385; x_wconf 88' lang='lat' dir='ltr'><strong>quum</strong></span> <span class='ocrx_word' id='word_1_27' title='bbox 2028 1329 2307 1371; x_wconf 72' lang='lat' dir='ltr'><strong>Gmmmus</strong></span> 
     </span>
     <span class='ocr_line' id='line_1_7' title="bbox 679 1398 2309 1459; baseline 0.002 -17"><span class='ocrx_word' id='word_1_28' title='bbox 679 1403 954 1443; x_wconf 74' lang='lat' dir='ltr'><strong>numonrms</strong></span> <span class='ocrx_word' id='word_1_29' title='bbox 989 1400 1158 1459; x_wconf 84' lang='lat' dir='ltr'><strong>magnis</strong></span> <span class='ocrx_word' id='word_1_30' title='bbox 1191 1399 1236 1441; x_wconf 88' lang='lat' dir='ltr'><strong>in</strong></span> <span class='ocrx_word' id='word_1_31' title='bbox 1264 1398 1388 1442; x_wconf 90' lang='lat' dir='ltr'><strong>hunc</strong></span> <span class='ocrx_word' id='word_1_32' title='bbox 1420 1401 1642 1443; x_wconf 88' lang='lat' dir='ltr'><strong>comicum</strong></span> <span class='ocrx_word' id='word_1_33' title='bbox 1682 1401 1847 1444; x_wconf 90' lang='lat' dir='ltr'><strong>meritis</strong></span> <span class='ocrx_word' id='word_1_34' title='bbox 1880 1401 2110 1445; x_wconf 88' lang='lat' dir='ltr'><strong>cumulum</strong></span> <span class='ocrx_word' id='word_1_35' title='bbox 2136 1401 2309 1445; x_wconf 81' lang='lat' dir='ltr'><strong>addidit</strong></span> 
     </span>
     <span class='ocr_line' id='line_1_8' title="bbox 678 1474 2309 1521; baseline 0.001 -3"><span class='ocrx_word' id='word_1_36' title='bbox 678 1475 955 1518; x_wconf 75' lang='lat' dir='ltr'>scholiorum</span> <span class='ocrx_word' id='word_1_37' title='bbox 996 1474 1175 1517; x_wconf 90' lang='lat' dir='ltr'><strong>illorum</strong></span> <span class='ocrx_word' id='word_1_38' title='bbox 1217 1474 1414 1518; x_wconf 85' lang='lat' dir='ltr'><strong>editione</strong></span> <span class='ocrx_word' id='word_1_39' title='bbox 1456 1475 1605 1519; x_wconf 87' lang='lat' dir='ltr'><strong>critica</strong></span> <span class='ocrx_word' id='word_1_40' title='bbox 1642 1486 1683 1519; x_wconf 90' lang='lat' dir='ltr'><strong>et</strong></span> <span class='ocrx_word' id='word_1_41' title='bbox 1721 1477 1877 1520; x_wconf 87' lang='lat' dir='ltr'><strong>ceteris</strong></span> <span class='ocrx_word' id='word_1_42' title='bbox 1919 1477 2131 1520; x_wconf 89' lang='lat' dir='ltr'><strong>omnibus</strong></span> <span class='ocrx_word' id='word_1_43' title='bbox 2167 1477 2309 1521; x_wconf 91' lang='lat' dir='ltr'><strong>multo</strong></span> 
     </span>
     <span class='ocr_line' id='line_1_9' title="bbox 678 1550 2308 1612; baseline 0.002 -19"><span class='ocrx_word' id='word_1_44' title='bbox 678 1550 982 1610; x_wconf 82' lang='lat' dir='ltr'><strong>locupletiore.</strong></span> <span class='ocrx_word' id='word_1_45' title='bbox 1022 1552 1060 1593; x_wconf 93' lang='lat' dir='ltr'><strong>ls</strong></span> <span class='ocrx_word' id='word_1_46' title='bbox 1087 1551 1206 1593; x_wconf 90' lang='lat' dir='ltr'><strong>enim</strong></span> <span class='ocrx_word' id='word_1_47' title='bbox 1233 1565 1325 1594; x_wconf 89' lang='lat' dir='ltr'><strong>non</strong></span> <span class='ocrx_word' id='word_1_48' title='bbox 1358 1550 1504 1594; x_wconf 91' lang='lat' dir='ltr'><strong>solum</strong></span> <span class='ocrx_word' id='word_1_49' title='bbox 1537 1552 1859 1596; x_wconf 89' lang='lat' dir='ltr'><strong>vetustissimos</strong></span> <span class='ocrx_word' id='word_1_50' title='bbox 1891 1554 2094 1596; x_wconf 87' lang='lat' dir='ltr'><strong>omnium</strong></span> <span class='ocrx_word' id='word_1_51' title='bbox 2122 1561 2164 1596; x_wconf 89' lang='lat' dir='ltr'><strong>et</strong></span> <span class='ocrx_word' id='word_1_52' title='bbox 2199 1568 2308 1612; x_wconf 81' lang='lat' dir='ltr'><strong>prae-</strong></span> 
     </span>
     <span class='ocr_line' id='line_1_10' title="bbox 677 1626 2309 1682; baseline 0.001 -14"><span class='ocrx_word' id='word_1_53' title='bbox 677 1626 976 1669; x_wconf 85' lang='lat' dir='ltr'><strong>stantissimos</strong></span> <span class='ocrx_word' id='word_1_54' title='bbox 989 1626 1182 1679; x_wconf 85' lang='lat' dir='ltr'><strong>codices,</strong></span> <span class='ocrx_word' id='word_1_55' title='bbox 1209 1628 1506 1669; x_wconf 85' lang='lat' dir='ltr'><strong>Ravennatem</strong></span> <span class='ocrx_word' id='word_1_56' title='bbox 1521 1629 1810 1681; x_wconf 87' lang='lat' dir='ltr'><strong>etVenetum,</strong></span> <span class='ocrx_word' id='word_1_57' title='bbox 1835 1627 1986 1671; x_wconf 89' lang='lat' dir='ltr'><strong>denuo</strong></span> <span class='ocrx_word' id='word_1_58' title='bbox 2005 1628 2309 1682; x_wconf 82' lang='lat' dir='ltr'><strong>excutiendos,</strong></span> 
     </span>
     <span class='ocr_line' id='line_1_11' title="bbox 679 1701 2311 1760; baseline 0.001 -16"><span class='ocrx_word' id='word_1_59' title='bbox 679 1701 760 1744; x_wconf 87' lang='lat' dir='ltr'><strong>sed</strong></span> <span class='ocrx_word' id='word_1_60' title='bbox 787 1701 897 1744; x_wconf 89' lang='lat' dir='ltr'><strong>alios</strong></span> <span class='ocrx_word' id='word_1_61' title='bbox 936 1716 1115 1760; x_wconf 88' lang='lat' dir='ltr'><strong>quoque</strong></span> <span class='ocrx_word' id='word_1_62' title='bbox 1147 1716 1235 1744; x_wconf 91' lang='lat' dir='ltr'><strong>non</strong></span> <span class='ocrx_word' id='word_1_63' title='bbox 1269 1716 1435 1760; x_wconf 88' lang='lat' dir='ltr'><strong>paucos</strong></span> <span class='ocrx_word' id='word_1_64' title='bbox 1470 1717 1572 1744; x_wconf 90' lang='lat' dir='ltr'><strong>cum</strong></span> <span class='ocrx_word' id='word_1_65' title='bbox 1606 1702 1776 1746; x_wconf 87' lang='lat' dir='ltr'><strong>Aldinis</strong></span> <span class='ocrx_word' id='word_1_66' title='bbox 1807 1703 1987 1747; x_wconf 88' lang='lat' dir='ltr'><strong>scholiis</strong></span> <span class='ocrx_word' id='word_1_67' title='bbox 2017 1702 2311 1746; x_wconf 79' lang='lat' dir='ltr'><strong>conferendos</strong></span> 
     </span>
     <span class='ocr_line' id='line_1_12' title="bbox 679 1775 2311 1837; baseline 0.002 -19"><span class='ocrx_word' id='word_1_68' title='bbox 679 1776 880 1829; x_wconf 87' lang='lat' dir='ltr'><strong>curavit,</strong></span> <span class='ocrx_word' id='word_1_69' title='bbox 917 1775 1098 1819; x_wconf 89' lang='lat' dir='ltr'><strong>Suidam</strong></span> <span class='ocrx_word' id='word_1_70' title='bbox 1130 1775 1226 1820; x_wconf 85' lang='lat' dir='ltr'><strong>haec</strong></span> <span class='ocrx_word' id='word_1_71' title='bbox 1262 1775 1431 1820; x_wconf 84' lang='lat' dir='ltr'><strong>scholia</strong></span> <span class='ocrx_word' id='word_1_72' title='bbox 1458 1776 1650 1837; x_wconf 81' lang='lat' dir='ltr'><strong>expilare</strong></span> <span class='ocrx_word' id='word_1_73' title='bbox 1681 1777 1860 1821; x_wconf 90' lang='lat' dir='ltr'><strong>solitum</strong></span> <span class='ocrx_word' id='word_1_74' title='bbox 1894 1778 2147 1836; x_wconf 87' lang='lat' dir='ltr'><strong>diligentius</strong></span> <span class='ocrx_word' id='word_1_75' title='bbox 2177 1792 2311 1836; x_wconf 89' lang='lat' dir='ltr'><strong>quam</strong></span> 
     </span>
     <span class='ocr_line' id='line_1_13' title="bbox 680 1850 2315 1909; baseline 0.002 -17"><span class='ocrx_word' id='word_1_76' title='bbox 680 1850 815 1893; x_wconf 89' lang='lat' dir='ltr'><strong>ceteri</strong></span> <span class='ocrx_word' id='word_1_77' title='bbox 839 1851 1060 1905; x_wconf 83' lang='lat' dir='ltr'><strong>tractavit,</strong></span> <span class='ocrx_word' id='word_1_78' title='bbox 1090 1851 1312 1909; x_wconf 86' lang='lat' dir='ltr'><strong>indagavit</strong></span> <span class='ocrx_word' id='word_1_79' title='bbox 1341 1852 1614 1896; x_wconf 85' lang='lat' dir='ltr'><strong>novitiorum</strong></span> <span class='ocrx_word' id='word_1_80' title='bbox 1639 1853 2044 1897; x_wconf 86' lang='lat' dir='ltr'><strong>additamentorum</strong></span> <span class='ocrx_word' id='word_1_81' title='bbox 2078 1853 2246 1897; x_wconf 89' lang='lat' dir='ltr'><strong>fontem</strong></span> <span class='ocrx_word' id='word_1_82' title='bbox 2270 1861 2315 1895; x_wconf 88' lang='lat' dir='ltr'><strong>et</strong></span> 
     </span>
    </p>
   </div>
   <div class='ocr_carea' id='block_1_4' title="bbox 683 1926 2317 2061">
    <p class='ocr_par' dir='ltr' id='par_1_5' title="bbox 683 1926 2317 2061">
     <span class='ocr_line' id='line_1_14' title="bbox 683 1926 2311 1986; baseline 0.001 -18"><span class='ocrx_word' id='word_1_83' title='bbox 683 1926 878 1984; x_wconf 75' lang='lat' dir='ltr'><strong>origines</strong></span> <span class='ocrx_word' id='word_1_84' title='bbox 897 1958 908 1979; x_wconf 92' lang='lat'>‚</span> <span class='ocrx_word' id='word_1_85' title='bbox 945 1927 1097 1970; x_wconf 88' lang='lat' dir='ltr'><strong>omnia</strong></span> <span class='ocrx_word' id='word_1_86' title='bbox 1127 1926 1320 1986; x_wconf 91' lang='lat' dir='ltr'><strong>denique</strong></span> <span class='ocrx_word' id='word_1_87' title='bbox 1343 1942 1432 1971; x_wconf 78' lang='lat' dir='ltr'><strong>suae</strong></span> <span class='ocrx_word' id='word_1_88' title='bbox 1454 1929 1617 1972; x_wconf 88' lang='lat' dir='ltr'><strong>criseos</strong></span> <span class='ocrx_word' id='word_1_89' title='bbox 1639 1929 1738 1973; x_wconf 90' lang='lat' dir='ltr'><strong>luce</strong></span> <span class='ocrx_word' id='word_1_90' title='bbox 1758 1938 1835 1972; x_wconf 84' lang='lat' dir='ltr'><strong>aut</strong></span> <span class='ocrx_word' id='word_1_91' title='bbox 1866 1929 2098 1973; x_wconf 89' lang='lat' dir='ltr'><strong>illustravit</strong></span> <span class='ocrx_word' id='word_1_92' title='bbox 2117 1938 2194 1972; x_wconf 86' lang='lat' dir='ltr'><strong>aut</strong></span> <span class='ocrx_word' id='word_1_93' title='bbox 2215 1943 2311 1971; x_wconf 88' lang='lat' dir='ltr'><strong>cor·</strong></span> 
     </span>
     <span class='ocr_line' id='line_1_15' title="bbox 688 1999 2317 2061; baseline 0 -19"><span class='ocrx_word' id='word_1_94' title='bbox 688 2000 810 2042; x_wconf 83' lang='lat' dir='ltr'><strong>rexit.</strong></span> <span class='ocrx_word' id='word_1_95' title='bbox 852 2000 1107 2043; x_wconf 87' lang='lat' dir='ltr'><strong>Putavimus</strong></span> <span class='ocrx_word' id='word_1_96' title='bbox 1143 2009 1290 2043; x_wconf 85' lang='lat' dir='ltr'><strong>autem</strong></span> <span class='ocrx_word' id='word_1_97' title='bbox 1319 2000 1535 2045; x_wconf 77' lang='lat' dir='ltr'><strong>demereri</strong></span> <span class='ocrx_word' id='word_1_98' title='bbox 1565 1999 1751 2045; x_wconf 85' lang='lat' dir='ltr'><strong>lectores</strong></span> <span class='ocrx_word' id='word_1_99' title='bbox 1780 2011 1957 2045; x_wconf 89' lang='lat' dir='ltr'><strong>nostros</strong></span> <span class='ocrx_word' id='word_1_100' title='bbox 1992 2002 2139 2061; x_wconf 88' lang='lat' dir='ltr'><strong>ipsum</strong></span> <span class='ocrx_word' id='word_1_101' title='bbox 2170 2000 2317 2060; x_wconf 85' lang='lat' dir='ltr'><strong>potius</strong></span> 
     </span>
    </p>
   </div>
   <div class='ocr_carea' id='block_1_5' title="bbox 686 2074 2325 3340">
    <p class='ocr_par' dir='ltr' id='par_1_6' title="bbox 686 2074 2319 2658">
     <span class='ocr_line' id='line_1_16' title="bbox 686 2074 2315 2135; baseline 0 -17"><span class='ocrx_word' id='word_1_102' title='bbox 686 2084 922 2132; x_wconf 80' lang='lat' dir='ltr'><strong>sequentes</strong></span> <span class='ocrx_word' id='word_1_103' title='bbox 953 2090 1085 2133; x_wconf 92' lang='lat' dir='ltr'><strong>quam</strong></span> <span class='ocrx_word' id='word_1_104' title='bbox 1112 2084 1316 2119; x_wconf 86' lang='lat' dir='ltr'><strong>nostrum</strong></span> <span class='ocrx_word' id='word_1_105' title='bbox 1340 2074 1665 2135; x_wconf 86' lang='lat' dir='ltr'><strong>qualecumque</strong></span> <span class='ocrx_word' id='word_1_106' title='bbox 1691 2075 1912 2134; x_wconf 90' lang='lat' dir='ltr'><strong>judicium</strong></span> <span class='ocrx_word' id='word_1_107' title='bbox 1929 2109 1941 2130; x_wconf 91' lang='lat'>,</span> <span class='ocrx_word' id='word_1_108' title='bbox 1968 2091 2239 2135; x_wconf 87' lang='lat' dir='ltr'><strong>quamquam</strong></span> <span class='ocrx_word' id='word_1_109' title='bbox 2270 2076 2315 2119; x_wconf 88' lang='lat' dir='ltr'><strong>in</strong></span> 
     </span>
     <span class='ocr_line' id='line_1_17' title="bbox 689 2149 2317 2211; baseline 0.001 -19"><span class='ocrx_word' id='word_1_110' title='bbox 689 2150 829 2192; x_wconf 74' lang='lat' dir='ltr'><strong>son-ma</strong></span> <span class='ocrx_word' id='word_1_111' title='bbox 868 2149 1139 2193; x_wconf 87' lang='lat' dir='ltr'><strong>scholiorum</strong></span> <span class='ocrx_word' id='word_1_112' title='bbox 1176 2150 1375 2193; x_wconf 82' lang='lat' dir='ltr'><strong>variabili</strong></span> <span class='ocrx_word' id='word_1_113' title='bbox 1415 2150 1554 2193; x_wconf 89' lang='lat' dir='ltr'><strong>multa</strong></span> <span class='ocrx_word' id='word_1_114' title='bbox 1594 2166 1683 2194; x_wconf 88' lang='lat' dir='ltr'><strong>non</strong></span> <span class='ocrx_word' id='word_1_115' title='bbox 1723 2151 2076 2211; x_wconf 84' lang='lat' dir='ltr'><strong>improbabiliter</strong></span> <span class='ocrx_word' id='word_1_116' title='bbox 2111 2151 2317 2195; x_wconf 85' lang='lat' dir='ltr'><strong>adornari</strong></span> 
     </span>
     <span class='ocr_line' id='line_1_18' title="bbox 690 2225 2318 2287; baseline 0.001 -19"><span class='ocrx_word' id='word_1_117' title='bbox 690 2235 894 2285; x_wconf 85' lang='lat' dir='ltr'><strong>poterant</strong></span> <span class='ocrx_word' id='word_1_118' title='bbox 911 2227 1080 2269; x_wconf 88' lang='lat' dir='ltr'><strong>ratione</strong></span> <span class='ocrx_word' id='word_1_119' title='bbox 1102 2225 1199 2269; x_wconf 87' lang='lat' dir='ltr'><strong>alia.</strong></span> <span class='ocrx_word' id='word_1_120' title='bbox 1226 2226 1311 2269; x_wconf 84' lang='lat' dir='ltr'><strong>Sed</strong></span> <span class='ocrx_word' id='word_1_121' title='bbox 1329 2241 1549 2286; x_wconf 87' lang='lat' dir='ltr'><strong>perpauca</strong></span> <span class='ocrx_word' id='word_1_122' title='bbox 1572 2226 1710 2270; x_wconf 89' lang='lat' dir='ltr'><strong>modo</strong></span> <span class='ocrx_word' id='word_1_123' title='bbox 1731 2228 1978 2271; x_wconf 89' lang='lat' dir='ltr'><strong>secundum</strong></span> <span class='ocrx_word' id='word_1_124' title='bbox 1993 2228 2188 2287; x_wconf 90' lang='lat' dir='ltr'><strong>optimos</strong></span> <span class='ocrx_word' id='word_1_125' title='bbox 2204 2241 2318 2285; x_wconf 90' lang='lat' dir='ltr'><strong>quos</strong></span> 
     </span>
     <span class='ocr_line' id='line_1_19' title="bbox 687 2300 2318 2346; baseline 0 -3"><span class='ocrx_word' id='word_1_126' title='bbox 687 2301 883 2344; x_wconf 84' lang='lat' dir='ltr'><strong>diximus</strong></span> <span class='ocrx_word' id='word_1_127' title='bbox 909 2300 1085 2345; x_wconf 87' lang='lat' dir='ltr'><strong>codices</strong></span> <span class='ocrx_word' id='word_1_128' title='bbox 1110 2302 1393 2345; x_wconf 83' lang='lat' dir='ltr'><strong>mutavimus.</strong></span> <span class='ocrx_word' id='word_1_129' title='bbox 1439 2304 1534 2345; x_wconf 86' lang='lat' dir='ltr'><strong>Hoc</strong></span> <span class='ocrx_word' id='word_1_130' title='bbox 1563 2312 1709 2346; x_wconf 88' lang='lat' dir='ltr'><strong>tamen</strong></span> <span class='ocrx_word' id='word_1_131' title='bbox 1730 2303 1962 2346; x_wconf 88' lang='lat' dir='ltr'><strong>utilissime</strong></span> <span class='ocrx_word' id='word_1_132' title='bbox 1989 2303 2232 2346; x_wconf 87' lang='lat' dir='ltr'><strong>instituisse</strong></span> <span class='ocrx_word' id='word_1_133' title='bbox 2257 2301 2318 2343; x_wconf 88' lang='lat' dir='ltr'><strong>vi-</strong></span> 
     </span>
     <span class='ocr_line' id='line_1_20' title="bbox 689 2375 2319 2437; baseline 0.001 -19"><span class='ocrx_word' id='word_1_134' title='bbox 689 2375 874 2430; x_wconf 87' lang='lat' dir='ltr'><strong>demur,</strong></span> <span class='ocrx_word' id='word_1_135' title='bbox 901 2386 948 2419; x_wconf 92' lang='lat' dir='ltr'><strong>ut</strong></span> <span class='ocrx_word' id='word_1_136' title='bbox 969 2392 1067 2435; x_wconf 84' lang='lat' dir='ltr'><strong>quae</strong></span> <span class='ocrx_word' id='word_1_137' title='bbox 1088 2376 1235 2420; x_wconf 89' lang='lat' dir='ltr'><strong>absint</strong></span> <span class='ocrx_word' id='word_1_138' title='bbox 1256 2377 1313 2420; x_wconf 88' lang='lat' dir='ltr'><strong>ab</strong></span> <span class='ocrx_word' id='word_1_139' title='bbox 1341 2377 1426 2420; x_wconf 91' lang='lat' dir='ltr'><strong>illis</strong></span> <span class='ocrx_word' id='word_1_140' title='bbox 1453 2376 1685 2420; x_wconf 86' lang='lat' dir='ltr'><strong>codicibus</strong></span> <span class='ocrx_word' id='word_1_141' title='bbox 1703 2410 1715 2432; x_wconf 82' lang='lat'>‚</span> <span class='ocrx_word' id='word_1_142' title='bbox 1745 2378 1790 2420; x_wconf 91' lang='lat' dir='ltr'><strong>in</strong></span> <span class='ocrx_word' id='word_1_143' title='bbox 1817 2378 1923 2437; x_wconf 90' lang='lat' dir='ltr'><strong>ipsis</strong></span> <span class='ocrx_word' id='word_1_144' title='bbox 1949 2377 2130 2420; x_wconf 90' lang='lat' dir='ltr'><strong>scholiis</strong></span> <span class='ocrx_word' id='word_1_145' title='bbox 2157 2376 2319 2435; x_wconf 82' lang='lat' dir='ltr'><strong>signifi-</strong></span> 
     </span>
     <span class='ocr_line' id='line_1_21' title="bbox 690 2448 2319 2510; baseline -0.001 -19"><span class='ocrx_word' id='word_1_146' title='bbox 690 2458 787 2491; x_wconf 80' lang='lat' dir='ltr'><strong>cata</strong></span> <span class='ocrx_word' id='word_1_147' title='bbox 814 2449 1058 2493; x_wconf 89' lang='lat' dir='ltr'><strong>lectoribus</strong></span> <span class='ocrx_word' id='word_1_148' title='bbox 1077 2451 1173 2493; x_wconf 86' lang='lat' dir='ltr'><strong>sine</strong></span> <span class='ocrx_word' id='word_1_149' title='bbox 1202 2449 1384 2509; x_wconf 86' lang='lat' dir='ltr'><strong>ambage</strong></span> <span class='ocrx_word' id='word_1_150' title='bbox 1413 2450 1711 2493; x_wconf 87' lang='lat' dir='ltr'><strong>indicaremus</strong></span> <span class='ocrx_word' id='word_1_151' title='bbox 1735 2466 1744 2492; x_wconf 72' lang='grc' dir='ltr'><strong>ε</strong></span> <span class='ocrx_word' id='word_1_152' title='bbox 1771 2466 1873 2493; x_wconf 86' lang='lat' dir='ltr'><strong>nam</strong></span> <span class='ocrx_word' id='word_1_153' title='bbox 1906 2466 1954 2493; x_wconf 88' lang='lat' dir='ltr'><strong>ea</strong></span> <span class='ocrx_word' id='word_1_154' title='bbox 1983 2450 2244 2510; x_wconf 85' lang='lat' dir='ltr'><strong>plerumque</strong></span> <span class='ocrx_word' id='word_1_155' title='bbox 2263 2448 2319 2491; x_wconf 89' lang='lat' dir='ltr'><strong>ab</strong></span> 
     </span>
     <span class='ocr_line' id='line_1_22' title="bbox 693 2524 2317 2585; baseline -0.001 -19"><span class='ocrx_word' id='word_1_156' title='bbox 693 2525 1007 2569; x_wconf 87' lang='lat' dir='ltr'><strong>recentissimis</strong></span> <span class='ocrx_word' id='word_1_157' title='bbox 1026 2526 1320 2584; x_wconf 84' lang='lat' dir='ltr'><strong>grammaticis</strong></span> <span class='ocrx_word' id='word_1_158' title='bbox 1340 2525 1532 2585; x_wconf 83' lang='lat' dir='ltr'><strong>profecta</strong></span> <span class='ocrx_word' id='word_1_159' title='bbox 1554 2534 1658 2568; x_wconf 86' lang='lat' dir='ltr'><strong>sunt</strong></span> <span class='ocrx_word' id='word_1_160' title='bbox 1676 2534 1719 2568; x_wconf 90' lang='lat' dir='ltr'><strong>et</strong></span> <span class='ocrx_word' id='word_1_161' title='bbox 1730 2540 1808 2584; x_wconf 90' lang='lat' dir='ltr'><strong>per</strong></span> <span class='ocrx_word' id='word_1_162' title='bbox 1827 2534 2021 2568; x_wconf 86' lang='lat' dir='ltr'><strong>nostram</strong></span> <span class='ocrx_word' id='word_1_163' title='bbox 2044 2524 2317 2567; x_wconf 85' lang='lat' dir='ltr'><strong>notationem</strong></span> 
     </span>
     <span class='ocr_line' id='line_1_23' title="bbox 693 2600 1626 2658; baseline 0.001 -16"><span class='ocrx_word' id='word_1_164' title='bbox 693 2601 840 2658; x_wconf 86' lang='lat' dir='ltr'><strong>primo</strong></span> <span class='ocrx_word' id='word_1_165' title='bbox 862 2601 1095 2643; x_wconf 87' lang='lat' dir='ltr'><strong>oculorum</strong></span> <span class='ocrx_word' id='word_1_166' title='bbox 1116 2600 1292 2643; x_wconf 87' lang='lat' dir='ltr'><strong>obtuitu</strong></span> <span class='ocrx_word' id='word_1_167' title='bbox 1314 2609 1626 2657; x_wconf 85' lang='lat' dir='ltr'><strong>agnoscuntur.</strong></span> 
     </span>
    </p>

    <p class='ocr_par' dir='ltr' id='par_1_7' title="bbox 697 2675 2325 3340">
     <span class='ocr_line' id='line_1_24' title="bbox 757 2675 2323 2736; baseline 0 -18"><span class='ocrx_word' id='word_1_168' title='bbox 757 2678 806 2718; x_wconf 91' lang='lat' dir='ltr'><strong>In</strong></span> <span class='ocrx_word' id='word_1_169' title='bbox 828 2675 1115 2719; x_wconf 82' lang='lat' dir='ltr'><strong>adnotatione</strong></span> <span class='ocrx_word' id='word_1_170' title='bbox 1137 2676 1358 2719; x_wconf 79' lang='lat' dir='ltr'><strong>Dindorfii</strong></span> <span class='ocrx_word' id='word_1_171' title='bbox 1385 2675 1661 2736; x_wconf 85' lang='lat' dir='ltr'><strong>excerpenda</strong></span> <span class='ocrx_word' id='word_1_172' title='bbox 1687 2676 1747 2719; x_wconf 86' lang='lat' dir='ltr'><strong>ita</strong></span> <span class='ocrx_word' id='word_1_173' title='bbox 1769 2676 1926 2718; x_wconf 86' lang='lat' dir='ltr'><strong>versati</strong></span> <span class='ocrx_word' id='word_1_174' title='bbox 1949 2691 2125 2728; x_wconf 87' lang='lat' dir='ltr'><strong>sumus,</strong></span> <span class='ocrx_word' id='word_1_175' title='bbox 2146 2684 2196 2718; x_wconf 87' lang='lat' dir='ltr'><strong>ut</strong></span> <span class='ocrx_word' id='word_1_176' title='bbox 2217 2676 2323 2734; x_wconf 89' lang='lat' dir='ltr'><strong>opti·</strong></span> 
     </span>
     <span class='ocr_line' id='line_1_25' title="bbox 697 2751 2322 2813; baseline 0 -19"><span class='ocrx_word' id='word_1_177' title='bbox 697 2766 872 2794; x_wconf 88' lang='lat' dir='ltr'><strong>morum</strong></span> <span class='ocrx_word' id='word_1_178' title='bbox 893 2751 1110 2803; x_wconf 87' lang='lat' dir='ltr'><strong>codicum,</strong></span> <span class='ocrx_word' id='word_1_179' title='bbox 1134 2752 1400 2794; x_wconf 87' lang='lat' dir='ltr'><strong>Ravennatis</strong></span> <span class='ocrx_word' id='word_1_180' title='bbox 1426 2760 1468 2794; x_wconf 90' lang='lat' dir='ltr'><strong>et</strong></span> <span class='ocrx_word' id='word_1_181' title='bbox 1489 2753 1662 2806; x_wconf 89' lang='lat' dir='ltr'><strong>Veneti,</strong></span> <span class='ocrx_word' id='word_1_182' title='bbox 1690 2752 1927 2811; x_wconf 86' lang='lat' dir='ltr'><strong>scripturas</strong></span> <span class='ocrx_word' id='word_1_183' title='bbox 1951 2754 2140 2813; x_wconf 81' lang='lat' dir='ltr'><strong>integras</strong></span> <span class='ocrx_word' id='word_1_184' title='bbox 2166 2766 2322 2810; x_wconf 85' lang='lat' dir='ltr'><strong>reprae·</strong></span> 
     </span>
     <span class='ocr_line' id='line_1_26' title="bbox 697 2826 2322 2888; baseline 0 -18"><span class='ocrx_word' id='word_1_185' title='bbox 697 2834 995 2879; x_wconf 76' lang='lat' dir='ltr'><strong>sentarenius,</strong></span> <span class='ocrx_word' id='word_1_186' title='bbox 1022 2826 1295 2884; x_wconf 89' lang='lat' dir='ltr'><strong>reliquorum</strong></span> <span class='ocrx_word' id='word_1_187' title='bbox 1316 2842 1454 2887; x_wconf 79' lang='lat' dir='ltr'><strong>prope</strong></span> <span class='ocrx_word' id='word_1_188' title='bbox 1483 2829 1699 2888; x_wconf 76' lang='lat' dir='ltr'><strong>integras,</strong></span> <span class='ocrx_word' id='word_1_189' title='bbox 1733 2826 1903 2870; x_wconf 79' lang='lat' dir='ltr'><strong>Aldinae</strong></span> <span class='ocrx_word' id='word_1_190' title='bbox 1933 2837 2079 2870; x_wconf 87' lang='lat' dir='ltr'><strong>autem</strong></span> <span class='ocrx_word' id='word_1_191' title='bbox 2103 2837 2147 2871; x_wconf 89' lang='lat' dir='ltr'><strong>et</strong></span> <span class='ocrx_word' id='word_1_192' title='bbox 2168 2827 2322 2871; x_wconf 89' lang='lat' dir='ltr'><strong>subse·</strong></span> 
     </span>
     <span class='ocr_line' id='line_1_27' title="bbox 697 2901 2324 2961; baseline 0.001 -17"><span class='ocrx_word' id='word_1_193' title='bbox 697 2902 934 2961; x_wconf 85' lang='lat' dir='ltr'><strong>quentium</strong></span> <span class='ocrx_word' id='word_1_194' title='bbox 961 2901 1210 2944; x_wconf 90' lang='lat' dir='ltr'><strong>editionum</strong></span> <span class='ocrx_word' id='word_1_195' title='bbox 1239 2917 1330 2944; x_wconf 89' lang='lat' dir='ltr'><strong>non</strong></span> <span class='ocrx_word' id='word_1_196' title='bbox 1352 2902 1437 2945; x_wconf 89' lang='lat' dir='ltr'><strong>nisi</strong></span> <span class='ocrx_word' id='word_1_197' title='bbox 1462 2903 1658 2961; x_wconf 88' lang='lat' dir='ltr'><strong>potiores</strong></span> <span class='ocrx_word' id='word_1_198' title='bbox 1682 2902 1991 2946; x_wconf 88' lang='lat' dir='ltr'><strong>indicaremus.</strong></span> <span class='ocrx_word' id='word_1_199' title='bbox 2024 2906 2324 2961; x_wconf 66' lang='lat' dir='ltr'><strong>Quaecumque</strong></span> 
     </span>
     <span class='ocr_line' id='line_1_28' title="bbox 710 2975 2325 3034; baseline 0 -15"><span class='ocrx_word' id='word_1_200' title='bbox 710 2985 848 3019; x_wconf 68' lang='lat' dir='ltr'><strong>nutem</strong></span> <span class='ocrx_word' id='word_1_201' title='bbox 876 2991 902 3019; x_wconf 86' lang='lat' dir='ltr'><strong>a</strong></span> <span class='ocrx_word' id='word_1_202' title='bbox 926 2975 1178 3034; x_wconf 83' lang='lat' dir='ltr'><strong>vulgaribus</strong></span> <span class='ocrx_word' id='word_1_203' title='bbox 1204 2976 1362 3030; x_wconf 86' lang='lat' dir='ltr'><strong>editis,</strong></span> <span class='ocrx_word' id='word_1_204' title='bbox 1386 2976 1506 3021; x_wconf 90' lang='lat' dir='ltr'><strong>nulla</strong></span> <span class='ocrx_word' id='word_1_205' title='bbox 1529 2977 1719 3021; x_wconf 84' lang='lat' dir='ltr'><strong>indicata</strong></span> <span class='ocrx_word' id='word_1_206' title='bbox 1750 2978 1977 3032; x_wconf 85' lang='lat' dir='ltr'><strong>varietate,</strong></span> <span class='ocrx_word' id='word_1_207' title='bbox 2009 2977 2232 3021; x_wconf 88' lang='lat' dir='ltr'><strong>discedere</strong></span> <span class='ocrx_word' id='word_1_208' title='bbox 2260 2992 2325 3019; x_wconf 88' lang='lat' dir='ltr'><strong>re-</strong></span> 
     </span>
     <span class='ocr_line' id='line_1_29' title="bbox 703 3051 2324 3115; baseline 0 -20"><span class='ocrx_word' id='word_1_209' title='bbox 703 3052 840 3112; x_wconf 86' lang='lat' dir='ltr'><strong>periet</strong></span> <span class='ocrx_word' id='word_1_210' title='bbox 863 3051 1002 3095; x_wconf 89' lang='lat' dir='ltr'><strong>lector</strong></span> <span class='ocrx_word' id='word_1_211' title='bbox 1020 3085 1032 3107; x_wconf 90' lang='lat'>‚</span> <span class='ocrx_word' id='word_1_212' title='bbox 1056 3067 1106 3096; x_wconf 89' lang='lat' dir='ltr'><strong>ea</strong></span> <span class='ocrx_word' id='word_1_213' title='bbox 1128 3052 1335 3115; x_wconf 86' lang='lat' dir='ltr'><strong>codicum</strong></span> <span class='ocrx_word' id='word_1_214' title='bbox 1359 3053 1561 3095; x_wconf 90' lang='lat' dir='ltr'><strong>omniurn</strong></span> <span class='ocrx_word' id='word_1_215' title='bbox 1579 3085 1591 3107; x_wconf 89' lang='lat'><strong>,</strong></span> <span class='ocrx_word' id='word_1_216' title='bbox 1625 3064 1743 3097; x_wconf 89' lang='lat' dir='ltr'><strong>certe</strong></span> <span class='ocrx_word' id='word_1_217' title='bbox 1764 3054 2038 3112; x_wconf 88' lang='lat' dir='ltr'><strong>optimorum</strong></span> <span class='ocrx_word' id='word_1_218' title='bbox 2072 3051 2324 3095; x_wconf 87' lang='lat' dir='ltr'><strong>indubitato</strong></span> 
     </span>
     <span class='ocr_line' id='line_1_30' title="bbox 702 3127 2324 3188; baseline -0.001 -17"><span class='ocrx_word' id='word_1_219' title='bbox 702 3143 919 3171; x_wconf 88' lang='lat' dir='ltr'><strong>consensu</strong></span> <span class='ocrx_word' id='word_1_220' title='bbox 939 3128 1083 3187; x_wconf 88' lang='lat' dir='ltr'><strong>posita</strong></span> <span class='ocrx_word' id='word_1_221' title='bbox 1105 3144 1198 3171; x_wconf 87' lang='lat' dir='ltr'><strong>esse</strong></span> <span class='ocrx_word' id='word_1_222' title='bbox 1220 3127 1382 3173; x_wconf 89' lang='lat' dir='ltr'><strong>credat.</strong></span> <span class='ocrx_word' id='word_1_223' title='bbox 1411 3128 1661 3186; x_wconf 78' lang='lat' dir='ltr'><strong>Adjecimus</strong></span> <span class='ocrx_word' id='word_1_224' title='bbox 1671 3146 1770 3188; x_wconf 81' lang='lat' dir='ltr'><strong>quae</strong></span> <span class='ocrx_word' id='word_1_225' title='bbox 1790 3130 2027 3173; x_wconf 78' lang='lat' dir='ltr'><strong>Dubnerus</strong></span> <span class='ocrx_word' id='word_1_226' title='bbox 2049 3144 2100 3172; x_wconf 83' lang='lat' dir='ltr'><strong>ex</strong></span> <span class='ocrx_word' id='word_1_227' title='bbox 2121 3128 2324 3171; x_wconf 86' lang='lat' dir='ltr'><strong>Parisinis</strong></span> 
     </span>
     <span class='ocr_line' id='line_1_31' title="bbox 704 3202 2325 3264; baseline -0.001 -18"><span class='ocrx_word' id='word_1_228' title='bbox 704 3202 935 3246; x_wconf 89' lang='lat' dir='ltr'><strong>codicibus</strong></span> <span class='ocrx_word' id='word_1_229' title='bbox 975 3203 1205 3261; x_wconf 86' lang='lat' dir='ltr'><strong>collegerat</strong></span> <span class='ocrx_word' id='word_1_230' title='bbox 1227 3220 1235 3246; x_wconf 94' lang='lat'><strong>:</strong></span> <span class='ocrx_word' id='word_1_231' title='bbox 1258 3206 1486 3249; x_wconf 87' lang='lat' dir='ltr'><strong>varietates</strong></span> <span class='ocrx_word' id='word_1_232' title='bbox 1517 3214 1877 3262; x_wconf 88' lang='lat' dir='ltr'><strong>argumentorum</strong></span> <span class='ocrx_word' id='word_1_233' title='bbox 1914 3221 1965 3248; x_wconf 87' lang='lat' dir='ltr'><strong>ex</strong></span> <span class='ocrx_word' id='word_1_234' title='bbox 2000 3205 2173 3264; x_wconf 88' lang='lat' dir='ltr'><strong>optimo</strong></span> <span class='ocrx_word' id='word_1_235' title='bbox 2208 3202 2325 3246; x_wconf 90' lang='lat' dir='ltr'><strong>libro</strong></span> 
     </span>
     <span class='ocr_line' id='line_1_32' title="bbox 707 3279 2324 3340; baseline 0 -19"><span class='ocrx_word' id='word_1_236' title='bbox 707 3293 821 3337; x_wconf 80' lang='lat'><strong>2712</strong></span> <span class='ocrx_word' id='word_1_237' title='bbox 847 3279 966 3338; x_wconf 87' lang='lat' dir='ltr'><strong>(sive</strong></span> <span class='ocrx_word' id='word_1_238' title='bbox 995 3279 1264 3323; x_wconf 89' lang='lat' dir='ltr'><strong>membranis</strong></span> <span class='ocrx_word' id='word_1_239' title='bbox 1293 3280 1552 3339; x_wconf 84' lang='lat' dir='ltr'><strong>Brunckii);</strong></span> <span class='ocrx_word' id='word_1_240' title='bbox 1589 3280 1780 3340; x_wconf 88' lang='lat' dir='ltr'><strong>plurima</strong></span> <span class='ocrx_word' id='word_1_241' title='bbox 1814 3280 1866 3324; x_wconf 88' lang='lat' dir='ltr'><strong>ad</strong></span> <span class='ocrx_word' id='word_1_242' title='bbox 1891 3280 2036 3324; x_wconf 88' lang='lat' dir='ltr'><strong>Nubes</strong></span> <span class='ocrx_word' id='word_1_243' title='bbox 2055 3313 2066 3334; x_wconf 92' lang='lat'>‚</span> <span class='ocrx_word' id='word_1_244' title='bbox 2107 3283 2250 3322; x_wconf 85' lang='lat' dir='ltr'><strong>Ranas</strong></span> <span class='ocrx_word' id='word_1_245' title='bbox 2281 3286 2324 3321; x_wconf 87' lang='lat' dir='ltr'><strong>et</strong></span> 
     </span>
    </p>
   </div>
   <div class='ocr_carea' id='block_1_6' title="bbox 710 3353 2323 3464">
    <p class='ocr_par' dir='ltr' id='par_1_8' title="bbox 710 3353 2323 3464">
     <span class='ocr_line' id='line_1_33' title="bbox 710 3353 2323 3415; baseline 0.001 -20"><span class='ocrx_word' id='word_1_246' title='bbox 710 3353 883 3396; x_wconf 83' lang='lat' dir='ltr'><strong>Plutum</strong></span> <span class='ocrx_word' id='word_1_247' title='bbox 919 3368 970 3397; x_wconf 87' lang='lat' dir='ltr'><strong>ex</strong></span> <span class='ocrx_word' id='word_1_248' title='bbox 1006 3354 1160 3398; x_wconf 86' lang='lat' dir='ltr'><strong>codice</strong></span> <span class='ocrx_word' id='word_1_249' title='bbox 1193 3355 1301 3398; x_wconf 81' lang='lat'>2821</span> <span class='ocrx_word' id='word_1_250' title='bbox 1343 3355 1486 3399; x_wconf 84' lang='lat' dir='ltr'><strong>saeculi</strong></span> <span class='ocrx_word' id='word_1_251' title='bbox 1512 3357 1604 3399; x_wconf 88' lang='lat' dir='ltr'><strong>XIV</strong></span> <span class='ocrx_word' id='word_1_252' title='bbox 1635 3356 1917 3415; x_wconf 85' lang='lat' dir='ltr'><strong>integerrimo</strong></span> <span class='ocrx_word' id='word_1_253' title='bbox 1936 3389 1946 3409; x_wconf 92' lang='lat'><strong><em>‚</em></strong></span> <span class='ocrx_word' id='word_1_254' title='bbox 1971 3355 2045 3398; x_wconf 82' lang='lat' dir='ltr'><strong>sed</strong></span> <span class='ocrx_word' id='word_1_255' title='bbox 2082 3355 2323 3398; x_wconf 85' lang='lat' dir='ltr'><strong>recentiora</strong></span> 
     </span>
     <span class='ocr_line' id='line_1_34' title="bbox 807 3438 2208 3464; baseline 0 -2"><span class='ocrx_word' id='word_1_256' title='bbox 807 3442 911 3464; x_wconf 60' lang='grc' dir='ltr'><strong>ιζΙΙϋΙ..</strong></span> <span class='ocrx_word' id='word_1_257' title='bbox 933 3439 1094 3462; x_wconf 61' lang='grc' dir='ltr'><strong>ᾹᾺΙΒῚὊΡΕ.</strong></span> <span class='ocrx_word' id='word_1_258' title='bbox 2185 3438 2208 3462; x_wconf 65' lang='lat' dir='ltr'><em>a</em></span> 
     </span>
    </p>
   </div>
  </div>
 </body>
</html>
