2931 4012
579 436 653 471 ‘oo

584 514 782 548 Annuus.
802 507 941 545 Deinde
966 506 1152 554 legebatur
1178 503 1411 555 Προὸόλινθος,
1439 505 1522 552 Τρι-

579 562 739 615 κόρινθος,
755 575 834 611 quae
852 561 1006 598 correxit
1026 561 1242 597 Dindorfius.

631 618 714 660 288,
738 619 779 653 15
806 617 842 653 τὸ
859 629 929 652 om.
953 618 995 651 R.
1015 619 1091 650 Bar.
1117 612 1212 661 σιμὸν
1239 612 1274 649 δὲ
1300 616 1377 649 Bar.
1403 611 1523 661 χωρίου

581 675 639 710 τοῦ
656 671 734 723 πρὸς
762 671 820 715 τὴν
852 674 897 707 K.
917 684 951 719 χ.
967 670 1004 706 τὸ
1025 668 1104 719 πρὸς
1127 672 1167 704 L.
1186 682 1219 715 χ.
1237 671 1293 703 τοῦ
1316 666 1453 711 πλησίον
1468 668 1524 708 τῆς

584 726 787 777 ἀκροπόλεως
814 729 891 762 Bar.
907 748 943 754 —
957 725 998 759 16
1013 723 1035 767 ἢ
1052 723 1099 759 ὄν.
1117 737 1151 772 χ.
1174 722 1331 759 additum
1352 734 1396 757 ex
1426 724 1525 756 R.—

590 782 632 816 18
655 780 795 817 Πλάτων
823 779 1008 815 Elmsleius
1024 778 1068 814 ad
1087 778 1238 813 Achai-n.
1268 778 1348 820 377.
1371 774 1526 822 Legeba-

588 844 646 871 tur
662 833 789 877 πλατὺ,
816 834 921 869 etiam
946 845 1004 880 ap.
1029 831 1170 868 Suidam
1192 843 1220 866 s.
1244 829 1401 877 Σιμός.-
1423 841 1463 875 19
1478 830 1526 864 δεῖ

588 889 680 925 idem
701 889 820 923 Elmsl.
844 887 1011 923 restituit.
1031 886 1231 932 Legebatur
1245 883 1306 921 ἀεί.

638 945 720 989 089,
744 955 783 976 21
813 942 940 991 ἆμπρον
967 944 1009 976 R.
1033 949 1068 975 et
1091 940 1218 977 Suidas
1238 952 1263 974 s.
1289 937 1526 988 Ἆμπρεύοντες.

587 995 713 1044 ἄμπρος
727 999 772 1031 K.
787 999 864 1030 Bar.
882 994 1024 1043 σχοινίου
1044 997 1085 1030 R.
1100 1016 1137 1024 -
1149 1006 1193 1028 ἠ
1210 1005 1262 1041 sq.
1281 993 1386 1028 habet
1400 997 1476 1028 Put.

640 1063 704 1095 29¹
726 1053 775 1084 sic
797 1050 832 1084 in
853 1053 948 1091 Banu,
974 1046 1197 1090 ἐξεπιώκατον.
1218 1046 1289 1082 ἀντὶ
1313 1050 1368 1083 τοῦ
1384 1047 1525 1095 ἔθλιψαν.

590 1106 637 1153 τῷ
650 1103 744 1151 ξύλῳ.
765 1099 839 1139 διΐκ.
857 1102 1009 1152 μέρος.-
1027 1108 1071 1144 24
1089 1100 1110 1145 ἢ
1127 1101 1277 1150 ἐλίψατον
1295 1100 1369 1144 Ι,.ἢ
1394 1100 1527 1150 ἔθλιψαν

589 1162 635 1194 K.
649 1171 719 1194 0111.
736 1161 819 1193 R.-
828 1158 874 1192 25
885 1157 1000 1198 δυϊκῶς
1015 1160 1053 1192 L.
1067 1156 1121 1192 καὶ
1133 1157 1248 1196 δυΐκῶς
1259 1159 1299 1192 R.
1311 1155 1471 1204 1’ἐνιμέρος
1483 1158 1527 1191 K.

639 1214 722 1258 29¹3.
742 1215 815 1247 Hoc
828 1212 987 1248 scholion
1001 1212 1047 1247 ad
1066 1224 1099 1247 v.
1116 1224 1185 1258 297
1203 1211 1355 1247 refertur
1373 1211 1407 1245 in
1428 1214 1527 1254 Put.,

590 1267 650 1314 qui
665 1265 750 1314 ἔχων
765 1265 816 1301 δι’.

641 1325 708 1366 294
742 1323 822 1356 Put.
841 1322 899 1363 τῆς
925 1320 998 1355 ὁδοῦ
1027 1319 1128 1367 (quae
1152 1318 1262 1354 verba
1288 1331 1361 1354 uon
1385 1326 1467 1354 sunt
1494 1319 1529 1354 in

592 1376 823 1422 Frobeniana)
846 1373 993 1419 δηλονότι
1015 1374 1060 1423 μὴ
1087 1373 1169 1423 μετὰ
1195 1384 1312 1411 etc.—
1330 1387 1377 1421 29
1396 1374 1429 1410 δὲ
1459 1387 1528 1411 om.

592 1434 691 1475 Banu,
713 1431 749 1465 in
775 1442 847 1477 quo
871 1432 964 1464 τοῦτο
991 1429 1220 1480 παρεπιγραφή
1248 1429 1400 1465 refertur
1425 1430 1470 1465 ad
1497 1441 1530 1463 ν.

593 1485 675 1530 296.

643 1539 725 1585 298,
755 1539 795 1573 31
826 1550 888 1585 μου
904 1540 945 1573 R.
960 1540 1000 1574 L.
1018 1540 1098 1573 Put.
1122 1552 1163 1585 με
1183 1540 1262 1575 Bar.
1281 1537 1360 1588 πρός
1377 1542 1421 1574 K.
1434 1560 1473 1568 -
1485 1539 1530 1574 33

593 1590 694 1627 κακὸν
710 1590 855 1638 Λήμνιον
873 1593 918 1626 K.
931 1613 970 1620 —
983 1592 1026 1633 34
1052 1592 1126 1626 haec
1149 1605 1169 1626 a
1187 1592 1432 1639 superioribus
1458 1592 1530 1627 dis-

588 1645 714 1693 juncta
727 1645 764 1680 in
784 1648 864 1679 Put.
888 1652 971 1679 sunt
989 1646 1170 1692 sequentis
1190 1645 1315 1681 scholii
1332 1646 1416 1682 vice.

642 1701 713 1734 300
732 1698 818 1734 Ἀντὶ
833 1701 889 1734 τοῦ
907 1711 977 1735 om.
1000 1702 1042 1735 R.
1072 1702 1153 1734 Put.
1174 1699 1241 1744 Qui
1262 1699 1307 1735 ad
1326 1707 1533 1747 sequentem

595 1765 735 1788 versum
751 1752 858 1788 habet
875 1753 1024 1799 glossam
1043 1751 1150 1788 ἔδακε.
1163 1776 1199 1786 .-
1219 1759 1262 1796 44
1285 1752 1402 1789 810111.
1417 1757 1460 1789 R.

644 1806 712 1842 308
731 1804 959 1848 ἐγκαταθέντες
976 1807 1118 1842 videtur
1136 1806 1244 1842 fuisse
1261 1808 1297 1842 iu
1321 1807 1443 1843 codice
1461 1820 1534 1855 quo

595 1873 678 1896 usus
691 1868 743 1895 est
757 1863 1040 1903 Puteanus.—46
1059 1866 1171 1911 φαῖνον
1189 1864 1233 1897 R.
1256 1865 1334 1898 Bar.
1353 1866 1445 1911 φαίον
1456 1866 1533 1898 Put.

594 1913 782 1965 φαινόμενον
806 1918 843 1950 L.
863 1915 1051 1963 ἀμπελινῶν
1064 1919 1143 1953 Put.

645 1970 714 2015 309
732 1969 858 2004 lemma
875 1968 982 2004 habet
1003 1972 1080 2004 Put.
1105 1969 1194 2019 κριὸν
1211 1967 1275 2020 γὰρ
1289 1973 1331 2006 R.

644 2024 712 2058 312
739 2021 846 2058 habet
863 2026 941 2058 Put.
958 2022 995 2058 τὸ
1024 2022 1151 2074 φορτίον
1169 2038 1177 2059 :
1195 2022 1236 2060 τὰ
1248 2022 1337 2066 ξύλα.
1362 2024 1535 2061 Scholion

593 2075 809 2126 Ὑπὸ-φησι
819 2077 863 2112 ad
878 2090 913 2112 v.
933 2079 972 2112 31
986 2090 998 2112 1
1022 2080 1137 2127 καπνῷ
1152 2077 1269 2120 πιέζειν
1288 2078 1402 2113 refert.

644 2132 712 2166 313
731 2131 857 2166 lemma
872 2129 978 2167 habet
995 2135 1072 2168 Put.
1083 2133 1175 2168 -52
1195 2133 1356 2182 Κρατερὸς
1370 2137 1447 2168 Bar.
1464 2136 1534 2169 Ce—

595 2187 661 2220 teri
694 2184 868 2236 Καρτερός.
883 2209 921 2215 -
933 2186 976 2222 53
1004 2186 1082 2236 φησὶ
1111 2191 1213 2223 ταῦτα
1243 2189 1285 2225 R.
1316 2192 1392 2223 Pnt.
1420 2189 1536 2224 Ceteri

594 2239 698 2275 ταῦτα’
722 2254 829 2288 φασιν.
846 2263 884 2270 -
902 2254 912 2274 ι
944 2241 1164 2290 Στρατονίκου
1192 2246 1272 2278 Put.
1285 2263 1328 2269 —
1346 2244 1366 2277 3
1383 2245 1441 2286 τῆς
1464 2246 1536 2278 θεοῦ

598 2297 637 2328 R.
657 2295 773 2329 Ceteri
801 2298 866 2334 τοῖς
891 2296 993 2341 θεοῖς,
1019 2295 1117 2342 quod
1139 2297 1196 2338 τῆς
1220 2298 1293 2337 θεᾶς
1310 2296 1535 2333 scribendum

594 2361 669 2382 osse
686 2355 871 2384 monuerat
884 2349 1039 2384 Meierus
1052 2353 1105 2384 De
1119 2349 1221 2386 bonis
1235 2350 1388 2386 damnat.
1404 2364 1437 2399 p.
1456 2352 1535 2397 181,

596 2403 733 2437 215-
751 2408 769 2444 4
789 2401 1027 2452 κατακεκόφθαι
1040 2407 1096 2449 L.,
1117 2404 1180 2450 qni
1199 2404 1219 2439 5
1237 2417 1306 2440 om.
1326 2405 1399 2441 κατ’
1425 2406 1533 2442 αὐτοῦ.

595 2476 641 2483 -
654 2469 676 2502 9
691 2457 802 2492 πλεῖον
817 2460 861 2492 K.

644 2511 713 2545 316
730 2513 809 2548 Pnt.
828 2525 835 2546 :
852 2509 911 2547 σὺν
928 2511 1000 2559 ἐμοὶ
1020 2511 1175 2560 κομίσεις.

644 2566 727 2609 320,
748 2566 788 2600 16
810 2579 893 2606 τινες
905 2578 974 2601 om.
987 2569 1033 2602 K.
1049 2588 1096 2594 —
1114 2580 1153 2611 ¹7
1172 2567 1315 2610 ἀλλήλας
1330 2571 1373 2605 R.

644 2621 725 2661 321,
757 2632 799 2665 ¹9
819 2612 914 2655 ἔσται
939 2623 981 2656 R.
1002 2621 1070 2657 Νῦν
1084 2628 1119 2656 et
1138 2634 1183 2657 20
1197 2621 1252 2657 καὶ
1274 2630 1309 2658 et
1330 2623 1435 2658 αὐτῶν
1454 2623 1535 2671 (hoc

595 2681 673 2708 eum
691 2673 827 2717 lacuna)
844 2682 880 2709 et
896 2687 938 2709 αι
961 2673 1081 2710 ἄνωθεν
1097 2683 1135 2710 et
1153 2688 1197 2710 υ
1215 2681 1285 2717 ταῖς
1304 2689 1374 2712 om.
1394 2681 1473 2713 Put.
1487 2699 1535 2706 --

598 2730 643 2762 *24
658 2724 788 2773 Ὀνομα
809 2731 849 2764 R.

645 2780 726 2821 326,
749 2792 792 2823 27
823 2780 949 2824 Μήπως
967 2780 1098 2832 ὕστερον
1116 2786 1194 2819 Put.
1212 2784 1342 2834 ὕστερον
1364 2787 1468 2823 etiam
1492 2791 1533 2824 R.

599 2840 632 2870 et
645 2833 770 2868 Suidas
787 2847 815 2869 s.
837 2836 928 2869 Μῶν.
942 2836 1057 2871 Ceteri
1075 2835 1213 2887 ὕστερος.

644 2888 727 2930 327,
750 2888 795 2922 30
808 2887 943 2936 κνεφαία
959 2888 1065 2924 habet
1084 2893 1174 2934 Pun,
1193 2893 1326 2929 omittit
1346 2893 1368 2937 ἢ
1388 2894 1532 2945 ἐσπερία.

592 2963 641 2969 -
655 2944 694 2977 31
718 2941 806 2977 idem
822 2941 880 2985 τὴν
898 2944 1001 2978 οἰκίαν
1021 2944 1131 2993 ὑδρίαν
1161 2946 1318 2990 δηλονότι.
1346 2952 1533 2987 Ravennas

592 2997 629 3032 in
651 3004 765 3045 poetae
782 2996 900 3032 verbis
916 2995 1019 3032 οἰκίαν
1035 2998 1141 3034 habet
1156 3012 1224 3047 pro
1239 3001 1360 3051 ὑδρίαν.

642 3054 725 3097 329,
747 3051 790 3086 33
810 3051 846 3086 οὗ
864 3065 895 3099 γ.
912 3065 947 3100 χ.
963 3051 1060 3100 βάπτ.
1076 3053 1110 3088 in
1130 3053 1197 3089 fine
1218 3065 1300 3103 post
1317 3057 1449 3106 κρήναις
1468 3072 1530 3106 po-

592 3107 642 3141 nit
663 3105 802 3142 Suidas.

642 3162 711 3195 332
732 3159 907 3209 Ἔτι-ἄρασα
934 3159 992 3204 τὴν
1023 3162 1104 3211 ὑδρ.,
1127 3163 1336 3211 περικατᾶξαι
1366 3167 1475 3205 αὐταῖς
1496 3165 1532 3202 τὸ

1272 424 1546 463 ΑΒΝΟΤΑΤΙΟ
1573 424 1619 460 ΙΝ
1647 422 1807 459 Senot..

1628 503 1711 546 337,
1728 507 1772 543 4²
1792 500 2035 541 ὑποκαύσαντας
2053 504 2094 537 R.
2116 500 2370 542 ὑποκαύσαντες
2393 504 2529 538 Pae.-

1580 561 1624 598 44
1641 555 1699 596 Ὡς
1712 568 1782 591 om.
1799 555 1906 591 etiam
1923 558 2002 591 Put.

1636 612 1703 653 343
1740 609 1818 646 Ἀπὸ
1844 624 1876 645 κ.
1911 614 1989 646 Put.
2006 610 2240 646 Scribebatur
2270 607 2379 646 Κατὰ
2406 612 2524 646 zoua-3.

1579 663 1676 700 Idem
1693 664 1771 700 cod.
1787 664 1831 700 ad
1850 672 2054 712 sequentem
2070 677 2211 700 versum
2226 678 2235 700 :
2253 663 2332 701 ἀντὶ
2349 666 2409 700 τοῦ
2427 663 2477 713 ἐφ’
2490 658 2529 698 ὧν

1580 717 1686 763 ἕνεκα,
1709 718 1806 765 ἤγουν
1825 718 1897 769 περὶ
1917 722 1975 762 τῆς
1998 718 2136 767 εἰρήνης.
2153 718 2368 754 nolendum
2393 718 2533 753 videtin·

1581 774 1643 822 ἐφ’,
1662 786 1705 808 ex
1726 781 1839 820 poetae
1857 773 1974 809 verbis
1991 774 2136 809 iilatum.

1631 829 1713 874 349,
1728 827 1768 862 51
1790 827 1883 863 συσὸ.
1899 832 1940 864 R.
1954 827 2129 863 ἐσὸεννύειν
2147 830 2185 863 1..
2203 831 2284 863 Put.
2302 826 2474 864 σεεννύειν
2491 830 2531 862 K.

1631 882 1699 925 354
1719 881 1763 918 Τί
1777 882 1942 932 φοῦεῖσθιε,
1956 882 1988 917 τί
2001 881 2135 932 τρέμετε
2150 885 2229 918 Put.
2247 885 2327 928 Qui
2345 895 2454 918 versu
2469 882 2532 917 358

1581 936 1689 972 habet
1708 938 1822 984 ἀγγεῖα
1842 938 1897 984 (ad
1915 937 2099 981 xdknnsae„
2126 938 2191 973 361
2222 936 2305 972 ὄνου
2327 937 2388 984 (ad
2417 936 2531 984 βουπά-

1580 991 1667 1037 zon),
1685 993 1754 1026 362
1777 989 1832 1031 τὰς
1847 991 1979 1038 γνάθους
1991 990 2150 1035 δηλονότι.

1633 1045 1702 1080 365
1724 1044 1805 1081 Ἀπ’
1821 1048 1861 1081 Ι...
1886 1045 1942 1081 Ad
1961 1059 1991 1081 v.
2012 1046 2081 1081 366
2106 1049 2183 1081 Put.
2206 1045 2314 1094 ἤγουν
2342 1045 2403 1087 τὰς
2428 1045 2531 1085 πολιὶς

1583 1097 1749 1134 ἐκσποίσω.

1634 1154 1717 1198 367,
1746 1166 1782 1188 1ι
1811 1152 1953 1195 ἐξανύσω
1970 1152 2075 1190 habet
2100 1157 2179 1190 Bar.
2192 1182 2202 1199 ‚
2222 1154 2346 1197 ἐξοίσω
2366 1154 2478 1197 ἐξώσω
2498 1159 2528 1190 1.

1584 1206 1743 1254 ἐκθηρίσω
1762 1211 1839 1243 Put.

1635 1262 1704 1306 37⁰
1722 1262 1931 1311 σκευάσωμεν
1946 1262 1983 1299 τὸ
1996 1266 2040 1299 K.
2055 1270 2090 1299 et
2105 1267 2185 1300 Bar.
2204 1272 2248 1299 ut
2264 1265 2429 1300 videtur.

1636 1318 1718 1359 372,
1742 1330 1781 1361 ¹7
1800 1310 1827 1352 ὦ
1842 1329 1912 1352 om.
1931 1321 1975 1355 R.
1994 1321 2072 1353 Put.

1638 1372 1707 1415 376
1720 1374 1798 1407 Put.
1817 1371 1923 1407 habet
1936 1371 2081 1416 ὀπτήσω.
2100 1371 2254 1408 σταθεύω
2274 1372 2314 1409 τὸ
2332 1375 2483 1410 ὀπτῶ.-
2496 1387 2532 1408 21·

1586 1424 1773 1472 σταθμεύειν
1794 1428 1831 1460 1..
1852 1429 1943 1470 Bur„
1958 1434 1993 1462 ot
2010 1426 2099 1462 infra
2122 1427 2368 1464 similiter.—
2386 1441 2433 1464 αα
2449 1429 2529 1478 κρεά-

1587 1480 1653 1515 διον
1668 1483 1743 1515 Bar.
1764 1483 1803 1514 ln
1821 1480 2097 1517 Acharncnsium
2119 1494 2227 1517 vensu
2245 1491 2302 1518 αἱ
2321 1483 2470 1519 στάθευε.

1637 1534 1720 1578 378,
1737 1546 1780 1578 27
1805 1534 1913 1584 Κρητί
1941 1535 2118 1573 Albertus.
2143 1536 2394 1573 scribebatur
2420 1537 2521 1588 Κρήτῃ

1638 1589 1708 1624 380
1728 1587 1892 1630 Δινεύσεις
1909 1592 1988 1625 Bar.

1638 1643 1703 1678 381
1721 1643 1755 1678 in
1769 1647 1848 1678 Put.
1861 1642 2061 1694 Ἀχαρναίων
2076 1644 2151 1692 (sic)
2167 1644 2322 1693 ποταμὸς
2341 1648 2360 1681 ὁ
2377 1645 2519 1695 Ἀχελῷος

1639 1698 1708 1733 385
1727 1697 1804 1733 Ἀπὸ
1819 1701 1875 1734 τοῦ
1897 1702 1934 1734 L.
1953 1702 2028 1734 Bar.
2046 1703 2189 1735 Lemma
2204 1708 2262 1735 est
2278 1699 2424 1748 τρέμων.

1639 1753 1726 1797 388,
1754 1753 1798 1794 45
1824 1751 1974 1801 βούλεται
2001 1754 2191 1790 Bekkerns.
2227 1754 2439 1802 Legebatur
2461 1757 2525 1803 βου·

1588 1807 1724 1843 λεύεται.
1734 1828 1782 1834 —-
1797 1808 1842 1842 50
1859 1805 1907 1842 ἔτι
1920 1811 1959 1843 L.
1979 1806 2028 1843 ὅτι
2043 1811 2141 1844 K.—
2155 1808 2200 1843 52
2220 1808 2369 1851 ὁπλίτας
2383 1810 2526 1845 Diodor-

1589 1862 1653 1897 fius
1685 1869 1720 1896 et
1745 1860 1919 1897 Dobraeus
1945 1874 1989 1897 ex
2014 1874 2047 1897 v.
2078 1863 2160 1909 394.
2185 1865 2235 1898 Κ.
2264 1861 2429 1908 ἅπαντας,
2462 1866 2526 1899 Bar.

1590 1915 1711 1952 πάντα.
1723 1936 1771 1943 -
1791 1928 1803 1951 1
1825 1916 1906 1951 fort.
1926 1921 2107 1952 πεπωκυῖα.
2128 1915 2273 1952 Dubito
2289 1929 2339 1953 an
2355 1923 2528 1954 πεπτωκυῑι

1590 1970 1720 2006 dixerit
1738 1983 1782 2005 eo
1798 1982 1903 2005 sensu
1919 1970 1962 2006 de
1978 1983 2050 2018 quo
2069 1971 2105 2006 in
2124 1970 2241 2006 schol.
2258 1970 2305 2006 ad
2324 1984 2361 2007 v.
2379 1972 2527 2018 395.—2

1590 2026 1700 2061 ἐωσῶν
1721 2028 1908 2060 Kusterus.
1931 2025 2031 2060 Libri
2048 2026 2181 2060 ἐουσιῒιν.
2214 2028 2293 2061 Put.
2315 2025 2424 2061 habet
2446 2025 2529 2074 ἤγουν

1590 2081 1623 2115 αἱ
1638 2079 1745 2129 ἑορταὶ
1761 2082 1816 2115 τοῦ
1830 2078 1986 2115 Διονύσου
2001 2079 2120 2116 πυκναὶ
2131 2079 2189 2115 καὶ
2206 2085 2373 2128 συνεχεῖς.
2388 2080 2532 2122 {acic-‚02

1591 2132 1626 2170 δὲ
1641 2136 1658 2169 ὁ
1673 2132 1835 2173 Διόνυσος.
2296 2182 2299 2185 Ι

1642 2189 1712 2235 389
1727 2192 1806 2224 Put.
1830 2187 1929 2235 ἤγουν
1947 2187 1984 2224 τὸ
2001 2187 2054 2224 τὸν
2068 2187 2205 2225 Ἄδωνιν
2224 2191 2347 2228 καλεῖν
2368 2191 2391 2236 ἢ
2412 2196 2533 2241 θρηνεῖν-

1590 2265 1639 2270 -
1658 2244 1699 2277 13
1718 2242 1958 2293 ὑπογράφουσιν
1977 2246 2055 2280 Bar.

1641 2296 1721 2343 395,
1740 2310 1779 2332 21
1798 2295 1987 2346 ἐπόρνευσεν
2004 2301 2080 2333 Bar.

1641 2354 1723 2399 397,
1745 2352 1789 2387 25
1813 2352 1979 2403 Δημόστρ.
2010 2355 2086 2388 Bar.
2103 2351 2346 2404 Φιλόστρατος
2371 2360 2477 2394 K.—
2502 2359 2539 2393 26

1590 2405 1644 2441 καὶ
1661 2419 1732 2442 om.
1753 2410 1798 2442 Κ.
1821 2427 1869 2434 -
1894 2419 1938 2452 27
1958 2405 2082 2453 Δήμοις
2109 2409 2314 2447 Kusterus.
2349 2413 2542 2462 Legebatur

1590 2460 1707 2511 Δήμῳ.

1641 2516 1709 2556 403
1742 2518 1821 2551 Put.
1843 2514 2013 2563 πάσχομεν
2033 2514 2093 2564 (ad
2121 2515 2237 2553 δίκαιοί
2270 2519 2344 2569 γε)
2373 2521 2492 2559 ἁλυκὸν
2517 2524 2542 2558 ἐν

1590 2568 1672 2617 ἄλλῃ
1695 2569 1810 2619 βίὸλῳ.
1828 2569 1926 2616 ἤγουν
1953 2568 2080 2620 δριμύν.
2094 2590 2143 2598 -
2162 2572 2210 2607 33
2236 2572 2439 2621 legebatur
2464 2578 2538 2613 Ἆλιν

1589 2625 1672 2663 κοῦς.
1699 2626 1775 2659 Bar.
1808 2622 1939 2659 ἁλυκόν.
1972 2624 2138 2660 Correxit
2171 2627 2404 2668 Dindorfius
2430 2632 2544 2668 couno

1589 2678 1713 2726 steph.
1735 2681 1816 2724 Byz.
1833 2690 1861 2713 ⁵.
1881 2678 2078 2718 Ἀλυκος.-
2092 2679 2138 2714 36
2155 2679 2343 2728 αὖχόμεθι
2356 2688 2402 2721 L,

1640 2733 1720 2776 408,
1740 2738 1785 2773 4ο
1803 2733 1846 2773 ὡς
1857 2731 2070 2783 πρός-τινος
2089 2745 2161 2768 om.
2178 2736 2218 2769 P.

1639 2792 1708 2829 410
1725 2786 1762 2822 τὸ
1773 2799 1845 2821 om.
1861 2790 1951 2827 Put„
1971 2787 2033 2833 qui
2049 2795 2133 2834 post
2150 2785 2187 2823 δὲ
2204 2797 2242 2824 et
2273 2802 2368 2840 post
2382 2794 2544 2845 κακέμφι-

1587 2854 1641 2878 τον
1660 2841 1801 2877 lacunas
1819 2840 1939 2878 habet.

1638 2900 1656 2937 4
1668 2896 1708 2930 13
1729 2892 1788 2938 τὴν
1808 2894 1946 2942 βάλανον
1964 2898 2045 2931 Put.
2064 2895 2199 2945 ψελλίου
2229 2901 2322 2939 Put.
2348 2905 2434 2940 Bar.
2450 2903 2549 2941 Addit

1587 2952 1665 2984 Put.
1683 2951 1723 2997 effi
1736 2948 1862 2996 γυναικὶ
1880 2948 2026 2993 δηλονότι
2044 2949 2106 2997 (ad
2130 2951 2242 3001 ἐκείνῃ
2253 2954 2284 3001 ),
2306 2963 2346 2992 et
2368 2958 2418 2993 ad
2438 2971 2472 2994 v.
2491 2964 2546 2999 414

1559 2977 1620 3072 Ιέξ
1634 3006 1727 3050 ἡμῶν
1748 3004 1812 3052 (ad
1838 3004 1926 3050 τις),
1945 3004 1988 3039 ad
2011 3004 2080 3045 416
2100 3018 2107 3039 :
2129 3004 2218 3042 Ἀντὶ
2246 3012 2314 3046 τοῦ
2336 3014 2408 3048 τῶν
2432 3013 2549 3055 ποδῶν,

1587 3057 1749 3100 Ἀττικῶς.
1766 3061 1822 3094 τοῦ
1837 3058 1931 3099 ποδὸς
1952 3059 1983 3094 ἐν
2005 3057 2087 3107 ἄλλῃ
2109 3059 2218 3111 βυὸλρ
2240 3063 2349 3113 (sic).
2374 3069 2420 3103 In
2444 3067 2551 3103 multis

1587 3111 1680 3146 enim
1696 3110 1769 3151 τοὺς
1783 3111 1895 3152 πόδας.

1637 3171 1724 3210 417,
1743 3167 1786 3207 46
1804 3180 1854 3214 sq.
1877 3166 1984 3216 Μέρος
2001 3169 2057 3202 τοῦ
2078 3167 2171 3202 σανδ.
2202 3173 2395 3215 proximo
2424 3175 2551 3211 scholio

591 3212 681 3253 ξύλον
711 3217 790 3250 Bar.
819 3216 876 3251 Sic
906 3215 1080 3253 Albertus.
1111 3217 1241 3253 Confer
1263 3219 1423 3254 scholion
1444 3220 1530 3265 357,
1558 3217 1561 3264 ζ
1586 3222 1771 3268 postponit
1806 3226 1859 3265 R„
1878 3236 1947 3258 om.
1966 3226 2042 3258 Put.
2060 3244 2103 3249 —-
2122 3228 2167 3267 47
2190 3225 2262 3262 ἀπὸ
2280 3232 2346 3265 τοῦ
2372 3233 2404 3273 ζ.
2423 3235 2467 3268 Β.
2487 3232 2550 3267 sine

591 3267 650 3302 nbi
674 3267 764 3304 adde
780 3270 860 3306 Pae.

1586 3274 1657 3310 ἀντὶ
1671 3278 1738 3312 τοῦ.
1753 3297 1795 3302 -
1814 3282 1860 3322 49
1874 3276 1934 3327 γὰρ
1947 3278 2035 3320 καλ.,
2053 3278 2096 3312 50
2116 3277 2277 3327 συνέχειν
2294 3283 2502 3333 ἐξαγόμενον
2514 3288 2548 3321 K.

642 3323 709 3356 336
725 3322 994 3372 ἜπέρχεσθαιΒ.
1016 3326 1155 3371 Ceteri,
1179 3328 1284 3363 etiam
1310 3331 1410 3373 Put.‚
1431 3327 1531 3378 σπέρ-
1584 3332 1661 3365 Bar.
1678 3330 1816 3365 Scholia
1836 3331 1878 3366 ud
1900 3337 1987 3377 419,
2011 3337 2079 3372 420
2098 3331 2210 3368 habet
2232 3337 2322 3373 Put,

589 3378 715 3423 [εσθαι.

1633 3389 1718 3427 ⁴21,
1734 3396 1754 3418 α
1771 3384 1960 3434 διῃρέθησαν
1987 3389 2025 3421 R.
2049 3387 2075 3418 κ’
2096 3388 2137 3420 R.
2160 3387 2202 3422 Ῐ..
2228 3397 2265 3436 χ’
2302 3395 2387 3429 Put.
2414 3398 2491 3431 Bar.
2510 3397 2538 3430 K
