<?xml version="1.0" encoding="UTF-8"?>
<!DOCTYPE html PUBLIC "-//W3C//DTD XHTML 1.0 Transitional//EN"
    "http://www.w3.org/TR/xhtml1/DTD/xhtml1-transitional.dtd">
<html xmlns="http://www.w3.org/1999/xhtml" xml:lang="en" lang="en">
 <head>
  <title>
</title>
<meta http-equiv="Content-Type" content="text/html;charset=utf-8" />
  <meta name='ocr-system' content='tesseract 3.04.00' />
  <meta name='ocr-capabilities' content='ocr_page ocr_carea ocr_par ocr_line ocrx_word'/>
</head>
<body>
  <div class='ocr_page' id='page_1' title='image "./scholiagraecain00dbgoog_0584.png"; bbox 0 0 2931 4012; ppageno 0'>
   <div class='ocr_carea' id='block_1_1' title="bbox 567 450 632 481">
    <p class='ocr_par' dir='ltr' id='par_1_1' title="bbox 567 450 632 481">
     <span class='ocr_line' id='line_1_1' title="bbox 567 450 632 481; baseline -0.015 0"><span class='ocrx_word' id='word_1_1' title='bbox 567 450 632 481; x_wconf 77' lang='lat'>51²</span> 
     </span>
    </p>
   </div>
   <div class='ocr_carea' id='block_1_2' title="bbox 565 518 1515 3464">
    <p class='ocr_par' dir='ltr' id='par_1_2' title="bbox 565 518 1506 1159">
     <span class='ocr_line' id='line_1_2' title="bbox 613 518 1496 570; baseline -0.007 -11"><span class='ocrx_word' id='word_1_2' title='bbox 613 534 697 570; x_wconf 86' lang='grc'><strong>917,</strong></span> <span class='ocrx_word' id='word_1_3' title='bbox 713 527 756 567; x_wconf 83' lang='grc'>47</span> <span class='ocrx_word' id='word_1_4' title='bbox 773 520 929 559; x_wconf 76' lang='lat' dir='ltr'>indicavi</span> <span class='ocrx_word' id='word_1_5' title='bbox 950 518 1123 557; x_wconf 74' lang='lat' dir='ltr'>lacunam.</span> <span class='ocrx_word' id='word_1_6' title='bbox 1146 518 1285 555; x_wconf 83' lang='lat' dir='ltr'><strong>Excidit</strong></span> <span class='ocrx_word' id='word_1_7' title='bbox 1306 519 1400 555; x_wconf 84' lang='lat' dir='ltr'>enim</span> <span class='ocrx_word' id='word_1_8' title='bbox 1418 519 1496 554; x_wconf 75' lang='lat' dir='ltr'>Ari-</span> 
     </span>
     <span class='ocr_line' id='line_1_3' title="bbox 566 574 1502 628; baseline -0.004 -13"><span class='ocrx_word' id='word_1_9' title='bbox 566 579 749 628; x_wconf 75' lang='lat' dir='ltr'>stophanis</span> <span class='ocrx_word' id='word_1_10' title='bbox 773 577 993 626; x_wconf 79' lang='lat' dir='ltr'>grammatici</span> <span class='ocrx_word' id='word_1_11' title='bbox 1016 577 1060 612; x_wconf 88' lang='lat' dir='ltr'>de</span> <span class='ocrx_word' id='word_1_12' title='bbox 1088 574 1346 612; x_wconf 81' lang='lat' dir='ltr'>vocabuiorum</span> <span class='ocrx_word' id='word_1_13' title='bbox 1368 574 1502 623; x_wconf 84' lang='grc' dir='ltr'>λαμπάς</span> 
     </span>
     <span class='ocr_line' id='line_1_4' title="bbox 565 629 1503 683; baseline -0.006 -13"><span class='ocrx_word' id='word_1_14' title='bbox 565 641 601 670; x_wconf 81' lang='lat' dir='ltr'>et</span> <span class='ocrx_word' id='word_1_15' title='bbox 625 631 682 683; x_wconf 75' lang='grc' dir='ltr'>δᾴς</span> <span class='ocrx_word' id='word_1_16' title='bbox 706 632 910 669; x_wconf 82' lang='lat' dir='ltr'>discrimine</span> <span class='ocrx_word' id='word_1_17' title='bbox 933 630 1156 673; x_wconf 86' lang='lat' dir='ltr'>observatio,</span> <span class='ocrx_word' id='word_1_18' title='bbox 1188 629 1289 677; x_wconf 83' lang='lat' dir='ltr'>cujus</span> <span class='ocrx_word' id='word_1_19' title='bbox 1349 637 1503 666; x_wconf 76' lang='lat' dir='ltr'>ostreum</span> 
     </span>
     <span class='ocr_line' id='line_1_5' title="bbox 566 681 1503 735; baseline -0.006 -11"><span class='ocrx_word' id='word_1_20' title='bbox 566 695 703 724; x_wconf 77' lang='lat' dir='ltr'>tautum</span> <span class='ocrx_word' id='word_1_21' title='bbox 720 686 828 723; x_wconf 83' lang='lat' dir='ltr'>verba</span> <span class='ocrx_word' id='word_1_22' title='bbox 842 693 1033 735; x_wconf 75' lang='lat' dir='ltr'><strong>supersunt</strong></span> <span class='ocrx_word' id='word_1_23' title='bbox 1046 684 1082 720; x_wconf 75' lang='grc' dir='ltr'>οὔ</span> <span class='ocrx_word' id='word_1_24' title='bbox 1094 685 1135 733; x_wconf 81' lang='grc' dir='ltr'>τῇ</span> <span class='ocrx_word' id='word_1_25' title='bbox 1144 683 1293 732; x_wconf 79' lang='grc' dir='ltr'>λαμπάδι</span> <span class='ocrx_word' id='word_1_26' title='bbox 1305 698 1319 719; x_wconf 85' lang='grc' dir='ltr'>ε</span> <span class='ocrx_word' id='word_1_27' title='bbox 1335 698 1405 726; x_wconf 82' lang='grc' dir='ltr'>πεν,</span> <span class='ocrx_word' id='word_1_28' title='bbox 1419 681 1503 719; x_wconf 76' lang='grc' dir='ltr'>ἀλλὰ</span> 
     </span>
     <span class='ocr_line' id='line_1_6' title="bbox 565 737 1503 791; baseline -0.005 -14"><span class='ocrx_word' id='word_1_29' title='bbox 565 744 606 791; x_wconf 83' lang='grc' dir='ltr'>τῇ</span> <span class='ocrx_word' id='word_1_30' title='bbox 623 741 694 778; x_wconf 86' lang='grc' dir='ltr'>δαδί</span> <span class='ocrx_word' id='word_1_31' title='bbox 710 741 805 790; x_wconf 82' lang='lat' dir='ltr'>(nam</span> <span class='ocrx_word' id='word_1_32' title='bbox 824 741 874 777; x_wconf 88' lang='lat' dir='ltr'>sic</span> <span class='ocrx_word' id='word_1_33' title='bbox 892 741 1010 776; x_wconf 86' lang='lat' dir='ltr'>deleto</span> <span class='ocrx_word' id='word_1_34' title='bbox 1029 737 1069 783; x_wconf 75' lang='grc' dir='ltr'>νὴ</span> <span class='ocrx_word' id='word_1_35' title='bbox 1098 737 1358 785; x_wconf 84' lang='lat' dir='ltr'>scribendum),</span> <span class='ocrx_word' id='word_1_36' title='bbox 1381 739 1423 778; x_wconf 82' lang='grc' dir='ltr'>ὥς</span> <span class='ocrx_word' id='word_1_37' title='bbox 1441 737 1503 782; x_wconf 78' lang='grc' dir='ltr'>δῆ-</span> 
     </span>
     <span class='ocr_line' id='line_1_7' title="bbox 565 780 1503 845; baseline -0.006 -12"><span class='ocrx_word' id='word_1_38' title='bbox 565 796 621 833; x_wconf 84' lang='grc' dir='ltr'>λον</span> <span class='ocrx_word' id='word_1_39' title='bbox 637 780 719 833; x_wconf 62' lang='lat' dir='ltr'>elva:</span> <span class='ocrx_word' id='word_1_40' title='bbox 746 794 796 831; x_wconf 80' lang='grc' dir='ltr'>ὅτι</span> <span class='ocrx_word' id='word_1_41' title='bbox 814 793 975 845; x_wconf 77' lang='grc' dir='ltr'>ἑκατέρως</span> <span class='ocrx_word' id='word_1_42' title='bbox 999 792 1127 841; x_wconf 82' lang='grc' dir='ltr'>ἔλεγον,</span> <span class='ocrx_word' id='word_1_43' title='bbox 1149 793 1186 828; x_wconf 87' lang='lat' dir='ltr'>in</span> <span class='ocrx_word' id='word_1_44' title='bbox 1210 792 1341 840; x_wconf 78' lang='lat' dir='ltr'>quibus</span> <span class='ocrx_word' id='word_1_45' title='bbox 1368 792 1413 828; x_wconf 85' lang='lat' dir='ltr'>de</span> <span class='ocrx_word' id='word_1_46' title='bbox 1434 792 1503 828; x_wconf 78' lang='lat' dir='ltr'>alio</span> 
     </span>
     <span class='ocr_line' id='line_1_8' title="bbox 567 846 1502 899; baseline -0.004 -15"><span class='ocrx_word' id='word_1_47' title='bbox 567 851 720 899; x_wconf 85' lang='lat' dir='ltr'>quodam</span> <span class='ocrx_word' id='word_1_48' title='bbox 738 851 818 887; x_wconf 90' lang='lat' dir='ltr'>loco</span> <span class='ocrx_word' id='word_1_49' title='bbox 833 849 889 897; x_wconf 86' lang='lat' dir='ltr'>agi</span> <span class='ocrx_word' id='word_1_50' title='bbox 912 848 1053 884; x_wconf 86' lang='lat' dir='ltr'>videtur</span> <span class='ocrx_word' id='word_1_51' title='bbox 1064 878 1073 893; x_wconf 87' lang='lat'>‚</span> <span class='ocrx_word' id='word_1_52' title='bbox 1089 847 1188 882; x_wconf 86' lang='lat' dir='ltr'>velut</span> <span class='ocrx_word' id='word_1_53' title='bbox 1205 850 1312 894; x_wconf 80' lang='lat' dir='ltr'>Vcsp.</span> <span class='ocrx_word' id='word_1_54' title='bbox 1335 848 1426 894; x_wconf 86' lang='grc'><strong>1390</strong></span> <span class='ocrx_word' id='word_1_55' title='bbox 1438 875 1448 891; x_wconf 92' lang='grc'><strong>,</strong></span> <span class='ocrx_word' id='word_1_56' title='bbox 1467 846 1502 881; x_wconf 89' lang='lat' dir='ltr'>in</span> 
     </span>
     <span class='ocr_line' id='line_1_9' title="bbox 567 901 1505 955; baseline -0.007 -13"><span class='ocrx_word' id='word_1_57' title='bbox 567 919 639 955; x_wconf 84' lang='lat' dir='ltr'>quo</span> <span class='ocrx_word' id='word_1_58' title='bbox 653 908 692 954; x_wconf 83' lang='grc' dir='ltr'>τῇ</span> <span class='ocrx_word' id='word_1_59' title='bbox 706 904 779 955; x_wconf 71' lang='grc' dir='ltr'>δαδί</span> <span class='ocrx_word' id='word_1_60' title='bbox 791 904 924 940; x_wconf 86' lang='lat' dir='ltr'>dictum</span> <span class='ocrx_word' id='word_1_61' title='bbox 942 903 1008 938; x_wconf 78' lang='lat' dir='ltr'>suit</span> <span class='ocrx_word' id='word_1_62' title='bbox 1022 914 1066 938; x_wconf 91' lang='lat' dir='ltr'>eo</span> <span class='ocrx_word' id='word_1_63' title='bbox 1079 913 1181 937; x_wconf 85' lang='lat' dir='ltr'>sensu</span> <span class='ocrx_word' id='word_1_64' title='bbox 1198 913 1270 949; x_wconf 89' lang='lat' dir='ltr'>quo</span> <span class='ocrx_word' id='word_1_65' title='bbox 1288 901 1343 937; x_wconf 78' lang='lat' dir='ltr'>hic</span> <span class='ocrx_word' id='word_1_66' title='bbox 1359 903 1400 950; x_wconf 70' lang='grc' dir='ltr'>τῇ</span> <span class='ocrx_word' id='word_1_67' title='bbox 1415 901 1505 949; x_wconf 89' lang='grc' dir='ltr'>λαμ-</span> 
     </span>
     <span class='ocr_line' id='line_1_10' title="bbox 568 956 1506 997; baseline -0.003 -1"><span class='ocrx_word' id='word_1_68' title='bbox 568 960 658 997; x_wconf 73' lang='grc' dir='ltr'>πάδι.</span> <span class='ocrx_word' id='word_1_69' title='bbox 674 959 855 995; x_wconf 84' lang='lat' dir='ltr'>Excidisse</span> <span class='ocrx_word' id='word_1_70' title='bbox 874 966 991 994; x_wconf 83' lang='lat' dir='ltr'>autem</span> <span class='ocrx_word' id='word_1_71' title='bbox 1018 957 1187 992; x_wconf 82' lang='lat' dir='ltr'>nonnulla</span> <span class='ocrx_word' id='word_1_72' title='bbox 1211 956 1434 991; x_wconf 77' lang='lat' dir='ltr'>manifestum</span> <span class='ocrx_word' id='word_1_73' title='bbox 1452 966 1506 993; x_wconf 76' lang='lat' dir='ltr'>est</span> 
     </span>
     <span class='ocr_line' id='line_1_11' title="bbox 568 1008 1504 1060; baseline -0.005 -9"><span class='ocrx_word' id='word_1_74' title='bbox 568 1028 610 1051; x_wconf 84' lang='lat' dir='ltr'>cx</span> <span class='ocrx_word' id='word_1_75' title='bbox 628 1013 746 1049; x_wconf 79' lang='lat' dir='ltr'>verbis</span> <span class='ocrx_word' id='word_1_76' title='bbox 767 1010 995 1060; x_wconf 83' lang='lat' dir='ltr'>sequentibus</span> <span class='ocrx_word' id='word_1_77' title='bbox 1020 1008 1305 1057; x_wconf 80' lang='grc' dir='ltr'>ἀνάξιος-λέγων,</span> <span class='ocrx_word' id='word_1_78' title='bbox 1331 1023 1407 1058; x_wconf 84' lang='lat' dir='ltr'>quae</span> <span class='ocrx_word' id='word_1_79' title='bbox 1436 1024 1504 1046; x_wconf 87' lang='grc'><strong>11011</strong></span> 
     </span>
     <span class='ocr_line' id='line_1_12' title="bbox 570 1065 1506 1115; baseline -0.004 -11"><span class='ocrx_word' id='word_1_80' title='bbox 570 1069 702 1104; x_wconf 76' lang='lat' dir='ltr'>liabent</span> <span class='ocrx_word' id='word_1_81' title='bbox 715 1081 786 1115; x_wconf 88' lang='lat' dir='ltr'>quo</span> <span class='ocrx_word' id='word_1_82' title='bbox 800 1067 1011 1103; x_wconf 73' lang='lat' dir='ltr'>reserantur.</span> <span class='ocrx_word' id='word_1_83' title='bbox 1027 1068 1139 1101; x_wconf 78' lang='lat' dir='ltr'>Imm.</span> <span class='ocrx_word' id='word_1_84' title='bbox 1155 1068 1277 1113; x_wconf 81' lang='lat' dir='ltr'>Neque</span> <span class='ocrx_word' id='word_1_85' title='bbox 1294 1065 1506 1101; x_wconf 83' lang='lat' dir='ltr'>Fritzschius</span> 
     </span>
     <span class='ocr_line' id='line_1_13' title="bbox 571 1121 903 1159; baseline -0.009 0"><span class='ocrx_word' id='word_1_86' title='bbox 571 1125 625 1159; x_wconf 79' lang='lat' dir='ltr'>his</span> <span class='ocrx_word' id='word_1_87' title='bbox 643 1124 756 1158; x_wconf 87' lang='lat' dir='ltr'>lucem</span> <span class='ocrx_word' id='word_1_88' title='bbox 773 1121 903 1158; x_wconf 84' lang='lat' dir='ltr'>attulit.</span> 
     </span>
    </p>

    <p class='ocr_par' dir='ltr' id='par_1_3' title="bbox 570 1173 1508 1269">
     <span class='ocr_line' id='line_1_14' title="bbox 618 1173 1508 1225; baseline -0.003 -12"><span class='ocrx_word' id='word_1_89' title='bbox 618 1190 684 1225; x_wconf 81' lang='lat'>9²¹</span> <span class='ocrx_word' id='word_1_90' title='bbox 705 1176 818 1212; x_wconf 83' lang='lat' dir='ltr'>codex</span> <span class='ocrx_word' id='word_1_91' title='bbox 833 1173 1030 1215; x_wconf 76' lang='grc' dir='ltr'>κενόὸουλος.</span> <span class='ocrx_word' id='word_1_92' title='bbox 1046 1177 1286 1211; x_wconf 80' lang='lat' dir='ltr'>Correxcrunt</span> <span class='ocrx_word' id='word_1_93' title='bbox 1300 1175 1508 1211; x_wconf 78' lang='lat' dir='ltr'>Dindorlius</span> 
     </span>
     <span class='ocr_line' id='line_1_15' title="bbox 570 1231 845 1269; baseline -0.015 0"><span class='ocrx_word' id='word_1_94' title='bbox 570 1240 604 1269; x_wconf 83' lang='lat' dir='ltr'>ct</span> <span class='ocrx_word' id='word_1_95' title='bbox 621 1236 647 1268; x_wconf 89' lang='lat' dir='ltr'>F</span> <span class='ocrx_word' id='word_1_96' title='bbox 649 1231 845 1268; x_wconf 81' lang='lat' dir='ltr'>ritzschius.</span> 
     </span>
    </p>

    <p class='ocr_par' dir='ltr' id='par_1_4' title="bbox 618 1282 1201 1335">
     <span class='ocr_line' id='line_1_16' title="bbox 618 1282 1201 1335; baseline -0.003 -13"><span class='ocrx_word' id='word_1_97' title='bbox 618 1292 686 1335; x_wconf 72' lang='lat'>924</span> <span class='ocrx_word' id='word_1_98' title='bbox 705 1290 784 1323; x_wconf 91' lang='lat' dir='ltr'>Put.</span> <span class='ocrx_word' id='word_1_99' title='bbox 798 1283 1046 1334; x_wconf 76' lang='grc' dir='ltr'>ὖποχωρητέον,</span> <span class='ocrx_word' id='word_1_100' title='bbox 1062 1282 1201 1320; x_wconf 79' lang='grc' dir='ltr'>ἀπιτέον,</span> 
     </span>
    </p>

    <p class='ocr_par' dir='ltr' id='par_1_5' title="bbox 570 1338 1508 1446">
     <span class='ocr_line' id='line_1_17' title="bbox 619 1338 1508 1389; baseline -0.003 -12"><span class='ocrx_word' id='word_1_101' title='bbox 619 1343 689 1389; x_wconf 86' lang='grc'><strong>935</strong></span> <span class='ocrx_word' id='word_1_102' title='bbox 708 1346 787 1377; x_wconf 89' lang='lat' dir='ltr'>Put.</span> <span class='ocrx_word' id='word_1_103' title='bbox 804 1340 911 1376; x_wconf 81' lang='lat' dir='ltr'>habet</span> <span class='ocrx_word' id='word_1_104' title='bbox 929 1341 946 1375; x_wconf 85' lang='grc' dir='ltr'><strong>ὁ</strong></span> <span class='ocrx_word' id='word_1_105' title='bbox 960 1342 1138 1389; x_wconf 80' lang='grc' dir='ltr'>πανοῦργος</span> <span class='ocrx_word' id='word_1_106' title='bbox 1152 1338 1348 1389; x_wconf 73' lang='grc' dir='ltr'>Εὐριπίδης,</span> <span class='ocrx_word' id='word_1_107' title='bbox 1367 1338 1431 1374; x_wconf 80' lang='grc' dir='ltr'>ἀπὸ</span> <span class='ocrx_word' id='word_1_108' title='bbox 1448 1352 1508 1385; x_wconf 80' lang='grc' dir='ltr'>με-</span> 
     </span>
     <span class='ocr_line' id='line_1_18' title="bbox 570 1393 1166 1446; baseline -0.007 -14"><span class='ocrx_word' id='word_1_109' title='bbox 570 1401 709 1446; x_wconf 70' lang='grc' dir='ltr'>ταφορῖἱς</span> <span class='ocrx_word' id='word_1_110' title='bbox 723 1398 785 1431; x_wconf 79' lang='grc' dir='ltr'>τῶν</span> <span class='ocrx_word' id='word_1_111' title='bbox 801 1393 840 1430; x_wconf 74' lang='grc' dir='ltr'>τὰ</span> <span class='ocrx_word' id='word_1_112' title='bbox 859 1393 948 1431; x_wconf 77' lang='grc' dir='ltr'>ἱστία</span> <span class='ocrx_word' id='word_1_113' title='bbox 964 1393 1166 1443; x_wconf 81' lang='grc' dir='ltr'>ῥαπτόντων.</span> 
     </span>
    </p>

    <p class='ocr_par' dir='ltr' id='par_1_6' title="bbox 571 1447 1508 1594">
     <span class='ocr_line' id='line_1_19' title="bbox 619 1447 1506 1497; baseline -0.002 -13"><span class='ocrx_word' id='word_1_114' title='bbox 619 1457 703 1497; x_wconf 79' lang='grc'><strong>940,</strong></span> <span class='ocrx_word' id='word_1_115' title='bbox 720 1451 740 1486; x_wconf 93' lang='lat'>8</span> <span class='ocrx_word' id='word_1_116' title='bbox 753 1448 874 1497; x_wconf 86' lang='grc' dir='ltr'>γυμνόν</span> <span class='ocrx_word' id='word_1_117' title='bbox 890 1463 931 1496; x_wconf 92' lang='grc' dir='ltr'>με</span> <span class='ocrx_word' id='word_1_118' title='bbox 946 1449 983 1483; x_wconf 87' lang='lat' dir='ltr'>in</span> <span class='ocrx_word' id='word_1_119' title='bbox 1007 1447 1131 1482; x_wconf 85' lang='lat' dir='ltr'>codice</span> <span class='ocrx_word' id='word_1_120' title='bbox 1154 1447 1282 1494; x_wconf 80' lang='lat' dir='ltr'>legitur</span> <span class='ocrx_word' id='word_1_121' title='bbox 1297 1456 1377 1495; x_wconf 87' lang='lat' dir='ltr'>post</span> <span class='ocrx_word' id='word_1_122' title='bbox 1396 1448 1506 1491; x_wconf 75' lang='grc' dir='ltr'>δῆσαι.</span> 
     </span>
     <span class='ocr_line' id='line_1_20' title="bbox 575 1500 1508 1546; baseline -0.002 -6"><span class='ocrx_word' id='word_1_123' title='bbox 575 1505 725 1540; x_wconf 78' lang='lat' dir='ltr'>Mutavit</span> <span class='ocrx_word' id='word_1_124' title='bbox 738 1503 962 1546; x_wconf 76' lang='lat' dir='ltr'>Dindortius,</span> <span class='ocrx_word' id='word_1_125' title='bbox 978 1502 1050 1537; x_wconf 81' lang='lat' dir='ltr'>haec</span> <span class='ocrx_word' id='word_1_126' title='bbox 1068 1502 1201 1537; x_wconf 79' lang='lat' dir='ltr'>Cratini</span> <span class='ocrx_word' id='word_1_127' title='bbox 1220 1500 1329 1538; x_wconf 79' lang='lat' dir='ltr'>verba</span> <span class='ocrx_word' id='word_1_128' title='bbox 1344 1515 1419 1538; x_wconf 88' lang='lat' dir='ltr'>esse</span> <span class='ocrx_word' id='word_1_129' title='bbox 1433 1502 1508 1538; x_wconf 79' lang='lat' dir='ltr'>exi-</span> 
     </span>
     <span class='ocr_line' id='line_1_21' title="bbox 571 1559 728 1594; baseline 0 -1"><span class='ocrx_word' id='word_1_130' title='bbox 571 1559 728 1594; x_wconf 80' lang='lat' dir='ltr'>stimans.</span> 
     </span>
    </p>

    <p class='ocr_par' dir='ltr' id='par_1_7' title="bbox 572 1611 1515 2685">
     <span class='ocr_line' id='line_1_22' title="bbox 622 1611 1510 1660; baseline -0.002 -12"><span class='ocrx_word' id='word_1_131' title='bbox 622 1619 706 1660; x_wconf 85' lang='grc'><strong>941,</strong></span> <span class='ocrx_word' id='word_1_132' title='bbox 746 1625 757 1647; x_wconf 94' lang='grc'>1</span> <span class='ocrx_word' id='word_1_133' title='bbox 772 1625 798 1647; x_wconf 87' lang='grc'>1.</span> <span class='ocrx_word' id='word_1_134' title='bbox 830 1613 1077 1647; x_wconf 84' lang='lat' dir='ltr'>Commcutum</span> <span class='ocrx_word' id='word_1_135' title='bbox 1108 1611 1268 1658; x_wconf 79' lang='lat' dir='ltr'>ineptum</span> <span class='ocrx_word' id='word_1_136' title='bbox 1282 1636 1291 1653; x_wconf 92' lang='lat'>,</span> <span class='ocrx_word' id='word_1_137' title='bbox 1315 1611 1411 1658; x_wconf 87' lang='lat' dir='ltr'>quod</span> <span class='ocrx_word' id='word_1_138' title='bbox 1439 1624 1510 1646; x_wconf 89' lang='lat' dir='ltr'>non</span> 
     </span>
     <span class='ocr_line' id='line_1_23' title="bbox 572 1664 1511 1716; baseline -0.003 -13"><span class='ocrx_word' id='word_1_139' title='bbox 572 1674 721 1716; x_wconf 77' lang='lat' dir='ltr'>apparot</span> <span class='ocrx_word' id='word_1_140' title='bbox 737 1665 919 1714; x_wconf 88' lang='lat' dir='ltr'>quomodo</span> <span class='ocrx_word' id='word_1_141' title='bbox 931 1664 1116 1713; x_wconf 79' lang='lat' dir='ltr'><strong>Eupolidis</strong></span> <span class='ocrx_word' id='word_1_142' title='bbox 1127 1665 1205 1700; x_wconf 86' lang='lat' dir='ltr'>loco</span> <span class='ocrx_word' id='word_1_143' title='bbox 1218 1665 1417 1700; x_wconf 74' lang='lat' dir='ltr'>confirmari</span> <span class='ocrx_word' id='word_1_144' title='bbox 1434 1678 1511 1712; x_wconf 87' lang='lat' dir='ltr'>pos-</span> 
     </span>
     <span class='ocr_line' id='line_1_24' title="bbox 573 1718 1511 1766; baseline -0.004 -9"><span class='ocrx_word' id='word_1_145' title='bbox 573 1722 628 1757; x_wconf 81' lang='lat' dir='ltr'>sit.</span> <span class='ocrx_word' id='word_1_146' title='bbox 647 1720 851 1756; x_wconf 66' lang='lat' dir='ltr'>Sclioliffitae</span> <span class='ocrx_word' id='word_1_147' title='bbox 865 1732 1021 1755; x_wconf 78' lang='lat' dir='ltr'>errorem</span> <span class='ocrx_word' id='word_1_148' title='bbox 1033 1720 1165 1766; x_wconf 73' lang='lat' dir='ltr'>repetit</span> <span class='ocrx_word' id='word_1_149' title='bbox 1181 1719 1305 1755; x_wconf 80' lang='lat' dir='ltr'>Suidas</span> <span class='ocrx_word' id='word_1_150' title='bbox 1322 1732 1350 1754; x_wconf 89' lang='lat' dir='ltr'>s.</span> <span class='ocrx_word' id='word_1_151' title='bbox 1365 1718 1511 1764; x_wconf 74' lang='grc' dir='ltr'>Ἱίστιᾶν,</span> 
     </span>
     <span class='ocr_line' id='line_1_25' title="bbox 573 1773 1511 1822; baseline -0.002 -11"><span class='ocrx_word' id='word_1_152' title='bbox 573 1776 704 1811; x_wconf 68' lang='lat' dir='ltr'>omisso</span> <span class='ocrx_word' id='word_1_153' title='bbox 721 1782 836 1810; x_wconf 74' lang='lat' dir='ltr'>tamon</span> <span class='ocrx_word' id='word_1_154' title='bbox 854 1774 1050 1821; x_wconf 74' lang='lat' dir='ltr'>fragmento</span> <span class='ocrx_word' id='word_1_155' title='bbox 1069 1773 1264 1822; x_wconf 76' lang='lat' dir='ltr'>Eupolidis.</span> <span class='ocrx_word' id='word_1_156' title='bbox 1289 1776 1369 1809; x_wconf 86' lang='lat' dir='ltr'>Nou</span> <span class='ocrx_word' id='word_1_157' title='bbox 1396 1774 1511 1809; x_wconf 88' lang='lat' dir='ltr'>minus</span> 
     </span>
     <span class='ocr_line' id='line_1_26' title="bbox 574 1829 1511 1877; baseline -0.001 -12"><span class='ocrx_word' id='word_1_158' title='bbox 574 1830 784 1867; x_wconf 81' lang='lat' dir='ltr'>mirabiliter</span> <span class='ocrx_word' id='word_1_159' title='bbox 803 1830 1021 1877; x_wconf 80' lang='lat' dir='ltr'>Phrynichus</span> <span class='ocrx_word' id='word_1_160' title='bbox 1038 1830 1072 1865; x_wconf 84' lang='lat' dir='ltr'>iu</span> <span class='ocrx_word' id='word_1_161' title='bbox 1093 1829 1383 1865; x_wconf 67' lang='lat' dir='ltr'>BrkkeriAnecd.</span> <span class='ocrx_word' id='word_1_162' title='bbox 1403 1842 1435 1877; x_wconf 89' lang='lat' dir='ltr'>p.</span> <span class='ocrx_word' id='word_1_163' title='bbox 1453 1830 1511 1873; x_wconf 85' lang='grc'>37,</span> 
     </span>
     <span class='ocr_line' id='line_1_27' title="bbox 578 1883 1512 1933; baseline -0.001 -13"><span class='ocrx_word' id='word_1_164' title='bbox 578 1891 633 1930; x_wconf 74' lang='grc'>14,</span> <span class='ocrx_word' id='word_1_165' title='bbox 652 1893 689 1921; x_wconf 93' lang='lat' dir='ltr'>ut</span> <span class='ocrx_word' id='word_1_166' title='bbox 705 1887 811 1921; x_wconf 70' lang='grc' dir='ltr'>ἑστιᾶν</span> <span class='ocrx_word' id='word_1_167' title='bbox 828 1884 910 1933; x_wconf 84' lang='grc' dir='ltr'>τῷδε</span> <span class='ocrx_word' id='word_1_168' title='bbox 928 1884 997 1919; x_wconf 87' lang='lat' dir='ltr'>dici</span> <span class='ocrx_word' id='word_1_169' title='bbox 1022 1883 1205 1929; x_wconf 79' lang='lat' dir='ltr'>ostendat,</span> <span class='ocrx_word' id='word_1_170' title='bbox 1221 1884 1367 1919; x_wconf 74' lang='lat' dir='ltr'>Homeri</span> <span class='ocrx_word' id='word_1_171' title='bbox 1393 1883 1512 1919; x_wconf 79' lang='lat' dir='ltr'>vei-bis</span> 
     </span>
     <span class='ocr_line' id='line_1_28' title="bbox 574 1936 1512 1987; baseline -0.001 -13"><span class='ocrx_word' id='word_1_172' title='bbox 574 1942 685 1975; x_wconf 79' lang='grc'><strong>11111111·</strong></span> <span class='ocrx_word' id='word_1_173' title='bbox 702 1939 793 1974; x_wconf 82' lang='grc' dir='ltr'>δαίνυ</span> <span class='ocrx_word' id='word_1_174' title='bbox 812 1938 905 1973; x_wconf 68' lang='grc' dir='ltr'>δαῖτα</span> <span class='ocrx_word' id='word_1_175' title='bbox 925 1936 1085 1987; x_wconf 67' lang='grc' dir='ltr'>γέρουσιν.</span> <span class='ocrx_word' id='word_1_176' title='bbox 1103 1941 1216 1974; x_wconf 66' lang='lat' dir='ltr'>Dian.</span> <span class='ocrx_word' id='word_1_177' title='bbox 1236 1937 1435 1974; x_wconf 56' lang='lat' dir='ltr'>Defende-re</span> <span class='ocrx_word' id='word_1_178' title='bbox 1449 1937 1512 1973; x_wconf 90' lang='lat' dir='ltr'>ob-</span> 
     </span>
     <span class='ocr_line' id='line_1_29' title="bbox 574 1992 1513 2040; baseline -0.001 -11"><span class='ocrx_word' id='word_1_179' title='bbox 574 1995 807 2029; x_wconf 66' lang='lat' dir='ltr'>servationem</span> <span class='ocrx_word' id='word_1_180' title='bbox 827 1992 1136 2040; x_wconf 74' lang='lat' dir='ltr'>graummticorum</span> <span class='ocrx_word' id='word_1_181' title='bbox 1155 2000 1307 2028; x_wconf 83' lang='lat' dir='ltr'>conatur</span> <span class='ocrx_word' id='word_1_182' title='bbox 1319 1992 1409 2028; x_wconf 86' lang='lat' dir='ltr'>Lud.</span> <span class='ocrx_word' id='word_1_183' title='bbox 1426 1993 1513 2028; x_wconf 85' lang='lat' dir='ltr'>Diu-</span> 
     </span>
     <span class='ocr_line' id='line_1_30' title="bbox 573 2045 1511 2098; baseline -0.002 -13"><span class='ocrx_word' id='word_1_184' title='bbox 573 2049 711 2085; x_wconf 77' lang='lat' dir='ltr'>‹lorlius</span> <span class='ocrx_word' id='word_1_185' title='bbox 726 2049 769 2084; x_wconf 82' lang='lat' dir='ltr'>ad</span> <span class='ocrx_word' id='word_1_186' title='bbox 791 2048 947 2096; x_wconf 62' lang='lat' dir='ltr'>uste-ph.</span> <span class='ocrx_word' id='word_1_187' title='bbox 970 2048 1077 2085; x_wconf 80' lang='lat' dir='ltr'>Thes.</span> <span class='ocrx_word' id='word_1_188' title='bbox 1094 2060 1125 2083; x_wconf 88' lang='lat' dir='ltr'>v.</span> <span class='ocrx_word' id='word_1_189' title='bbox 1153 2045 1298 2084; x_wconf 78' lang='grc' dir='ltr'>Ἑστιᾶν.</span> <span class='ocrx_word' id='word_1_190' title='bbox 1313 2071 1352 2078; x_wconf 85' lang='grc'>-</span> <span class='ocrx_word' id='word_1_191' title='bbox 1370 2062 1381 2083; x_wconf 95' lang='grc'>1</span> <span class='ocrx_word' id='word_1_192' title='bbox 1395 2061 1408 2083; x_wconf 86' lang='grc'>1</span> <span class='ocrx_word' id='word_1_193' title='bbox 1434 2048 1511 2098; x_wconf 87' lang='grc' dir='ltr'>παρ’</span> 
     </span>
     <span class='ocr_line' id='line_1_31' title="bbox 575 2101 1513 2153; baseline 0.002 -15"><span class='ocrx_word' id='word_1_194' title='bbox 575 2118 644 2140; x_wconf 80' lang='lat' dir='ltr'>uon</span> <span class='ocrx_word' id='word_1_195' title='bbox 671 2112 724 2140; x_wconf 78' lang='lat' dir='ltr'>cst</span> <span class='ocrx_word' id='word_1_196' title='bbox 750 2105 785 2140; x_wconf 88' lang='lat' dir='ltr'>in</span> <span class='ocrx_word' id='word_1_197' title='bbox 814 2104 947 2139; x_wconf 82' lang='lat' dir='ltr'>codice.</span> <span class='ocrx_word' id='word_1_198' title='bbox 966 2130 1000 2135; x_wconf 93' lang='grc'>-</span> <span class='ocrx_word' id='word_1_199' title='bbox 1024 2117 1064 2138; x_wconf 79' lang='lat'>12</span> <span class='ocrx_word' id='word_1_200' title='bbox 1091 2110 1170 2151; x_wconf 83' lang='lat' dir='ltr'>post</span> <span class='ocrx_word' id='word_1_201' title='bbox 1190 2101 1315 2153; x_wconf 81' lang='grc' dir='ltr'>θατέρῳ</span> <span class='ocrx_word' id='word_1_202' title='bbox 1349 2103 1513 2140; x_wconf 84' lang='lat' dir='ltr'>videntur</span> 
     </span>
     <span class='ocr_line' id='line_1_32' title="bbox 575 2157 1511 2204; baseline 0 -11"><span class='ocrx_word' id='word_1_203' title='bbox 575 2159 743 2193; x_wconf 77' lang='lat' dir='ltr'>iwimulla</span> <span class='ocrx_word' id='word_1_204' title='bbox 759 2158 942 2202; x_wconf 66' lang='lat' dir='ltr'>excidisse,</span> <span class='ocrx_word' id='word_1_205' title='bbox 964 2157 1098 2204; x_wconf 82' lang='lat' dir='ltr'>quibus</span> <span class='ocrx_word' id='word_1_206' title='bbox 1115 2158 1180 2193; x_wconf 85' lang='lat' dir='ltr'>ista</span> <span class='ocrx_word' id='word_1_207' title='bbox 1197 2157 1356 2193; x_wconf 79' lang='lat' dir='ltr'>doctrina</span> <span class='ocrx_word' id='word_1_208' title='bbox 1372 2158 1415 2195; x_wconf 88' lang='lat' dir='ltr'>de</span> <span class='ocrx_word' id='word_1_209' title='bbox 1426 2171 1511 2193; x_wconf 89' lang='lat' dir='ltr'>con-</span> 
     </span>
     <span class='ocr_line' id='line_1_33' title="bbox 574 2212 1509 2248; baseline 0 -1"><span class='ocrx_word' id='word_1_210' title='bbox 574 2213 768 2248; x_wconf 55' lang='lat' dir='ltr'>structione</span> <span class='ocrx_word' id='word_1_211' title='bbox 795 2212 896 2248; x_wconf 82' lang='lat' dir='ltr'>verbi</span> <span class='ocrx_word' id='word_1_212' title='bbox 923 2213 1031 2247; x_wconf 73' lang='grc' dir='ltr'>ἑστιᾶν</span> <span class='ocrx_word' id='word_1_213' title='bbox 1067 2212 1322 2247; x_wconf 78' lang='lat' dir='ltr'>confutaretur.</span> <span class='ocrx_word' id='word_1_214' title='bbox 1350 2215 1509 2248; x_wconf 67' lang='grc'><strong>1111111001.</strong></span> 
     </span>
     <span class='ocr_line' id='line_1_34' title="bbox 575 2260 1513 2315; baseline 0.001 -14"><span class='ocrx_word' id='word_1_215' title='bbox 575 2271 672 2302; x_wconf 65' lang='lat' dir='ltr'>(loni.</span> <span class='ocrx_word' id='word_1_216' title='bbox 686 2270 714 2312; x_wconf 89' lang='grc'>1,</span> <span class='ocrx_word' id='word_1_217' title='bbox 731 2279 766 2315; x_wconf 92' lang='lat' dir='ltr'>p.</span> <span class='ocrx_word' id='word_1_218' title='bbox 787 2260 866 2308; x_wconf 62' lang='grc'>445.</span> <span class='ocrx_word' id='word_1_219' title='bbox 885 2270 960 2301; x_wconf 87' lang='grc'><strong>11110</strong></span> <span class='ocrx_word' id='word_1_220' title='bbox 976 2267 1049 2314; x_wconf 80' lang='lat' dir='ltr'>ipsa</span> <span class='ocrx_word' id='word_1_221' title='bbox 1069 2267 1187 2314; x_wconf 87' lang='lat' dir='ltr'>potius</span> <span class='ocrx_word' id='word_1_222' title='bbox 1205 2266 1310 2302; x_wconf 77' lang='lat' dir='ltr'>verba</span> <span class='ocrx_word' id='word_1_223' title='bbox 1329 2267 1513 2315; x_wconf 81' lang='lat' dir='ltr'>Eupolidis</span> 
     </span>
     <span class='ocr_line' id='line_1_35' title="bbox 575 2320 1513 2370; baseline 0.002 -14"><span class='ocrx_word' id='word_1_224' title='bbox 575 2321 750 2356; x_wconf 73' lang='lat' dir='ltr'>excidisse</span> <span class='ocrx_word' id='word_1_225' title='bbox 768 2321 943 2357; x_wconf 71' lang='lat' dir='ltr'>videntur.</span> <span class='ocrx_word' id='word_1_226' title='bbox 961 2322 1082 2356; x_wconf 76' lang='lat' dir='ltr'>Tacite</span> <span class='ocrx_word' id='word_1_227' title='bbox 1098 2320 1236 2370; x_wconf 78' lang='grc' dir='ltr'>δευτέρῳ</span> <span class='ocrx_word' id='word_1_228' title='bbox 1259 2322 1397 2369; x_wconf 80' lang='lat' dir='ltr'>sci-ipsit</span> <span class='ocrx_word' id='word_1_229' title='bbox 1423 2322 1513 2358; x_wconf 86' lang='lat' dir='ltr'>Lud.</span> 
     </span>
     <span class='ocr_line' id='line_1_36' title="bbox 576 2374 1513 2422; baseline 0.001 -12"><span class='ocrx_word' id='word_1_230' title='bbox 576 2375 795 2418; x_wconf 80' lang='lat' dir='ltr'>Dimiorfius,</span> <span class='ocrx_word' id='word_1_231' title='bbox 814 2375 874 2422; x_wconf 85' lang='lat' dir='ltr'>qui</span> <span class='ocrx_word' id='word_1_232' title='bbox 903 2374 1075 2416; x_wconf 72' lang='grc' dir='ltr'>ξενίζεσθαι</span> <span class='ocrx_word' id='word_1_233' title='bbox 1094 2375 1350 2422; x_wconf 76' lang='lat' dir='ltr'>interpretatur</span> <span class='ocrx_word' id='word_1_234' title='bbox 1371 2376 1513 2422; x_wconf 80' lang='lat' dir='ltr'>Mirari,</span> 
     </span>
     <span class='ocr_line' id='line_1_37' title="bbox 576 2428 1515 2477; baseline 0.001 -12"><span class='ocrx_word' id='word_1_235' title='bbox 576 2437 613 2465; x_wconf 90' lang='lat' dir='ltr'>ut</span> <span class='ocrx_word' id='word_1_236' title='bbox 630 2430 877 2477; x_wconf 79' lang='lat' dir='ltr'>grammaticus</span> <span class='ocrx_word' id='word_1_237' title='bbox 890 2428 984 2465; x_wconf 88' lang='lat' dir='ltr'>dicat</span> <span class='ocrx_word' id='word_1_238' title='bbox 1002 2442 1010 2463; x_wconf 93' lang='lat'><strong>:</strong></span> <span class='ocrx_word' id='word_1_239' title='bbox 1030 2429 1182 2465; x_wconf 88' lang='lat' dir='ltr'>Proinde</span> <span class='ocrx_word' id='word_1_240' title='bbox 1196 2440 1310 2477; x_wconf 85' lang='lat' dir='ltr'>neque</span> <span class='ocrx_word' id='word_1_241' title='bbox 1323 2429 1417 2477; x_wconf 84' lang='lat' dir='ltr'>apud</span> <span class='ocrx_word' id='word_1_242' title='bbox 1431 2431 1515 2468; x_wconf 84' lang='lat' dir='ltr'>Ari-</span> 
     </span>
     <span class='ocr_line' id='line_1_38' title="bbox 574 2482 1513 2532; baseline 0 -12"><span class='ocrx_word' id='word_1_243' title='bbox 574 2484 783 2532; x_wconf 70' lang='lat' dir='ltr'>stophanem</span> <span class='ocrx_word' id='word_1_244' title='bbox 807 2496 923 2532; x_wconf 82' lang='lat' dir='ltr'>neque</span> <span class='ocrx_word' id='word_1_245' title='bbox 948 2484 1044 2531; x_wconf 80' lang='lat' dir='ltr'>apud</span> <span class='ocrx_word' id='word_1_246' title='bbox 1071 2482 1284 2531; x_wconf 78' lang='lat' dir='ltr'>Eupolidem</span> <span class='ocrx_word' id='word_1_247' title='bbox 1314 2485 1325 2531; x_wconf 84' lang='lat'><strong>(</strong></span> <span class='ocrx_word' id='word_1_248' title='bbox 1341 2484 1385 2519; x_wconf 83' lang='lat' dir='ltr'>ad</span> <span class='ocrx_word' id='word_1_249' title='bbox 1412 2485 1513 2531; x_wconf 86' lang='lat' dir='ltr'>cujus</span> 
     </span>
     <span class='ocr_line' id='line_1_39' title="bbox 574 2539 1513 2588; baseline 0.001 -15"><span class='ocrx_word' id='word_1_250' title='bbox 574 2547 887 2575; x_wconf 79' lang='lat' dir='ltr'>commentatorem</span> <span class='ocrx_word' id='word_1_251' title='bbox 926 2539 1079 2587; x_wconf 80' lang='lat' dir='ltr'>aliquem</span> <span class='ocrx_word' id='word_1_252' title='bbox 1114 2539 1263 2575; x_wconf 80' lang='lat' dir='ltr'>sortasse</span> <span class='ocrx_word' id='word_1_253' title='bbox 1298 2539 1513 2588; x_wconf 81' lang='lat' dir='ltr'>respicitur)</span> 
     </span>
     <span class='ocr_line' id='line_1_40' title="bbox 575 2593 1509 2630; baseline 0.002 -2"><span class='ocrx_word' id='word_1_254' title='bbox 575 2594 646 2628; x_wconf 75' lang='lat' dir='ltr'>lnaec</span> <span class='ocrx_word' id='word_1_255' title='bbox 662 2595 877 2630; x_wconf 79' lang='lat' dir='ltr'>constructio</span> <span class='ocrx_word' id='word_1_256' title='bbox 899 2595 986 2630; x_wconf 87' lang='lat' dir='ltr'>mira</span> <span class='ocrx_word' id='word_1_257' title='bbox 1005 2602 1041 2630; x_wconf 83' lang='lat' dir='ltr'>et</span> <span class='ocrx_word' id='word_1_258' title='bbox 1066 2593 1226 2630; x_wconf 80' lang='lat' dir='ltr'>inaudita</span> <span class='ocrx_word' id='word_1_259' title='bbox 1252 2594 1363 2630; x_wconf 84' lang='lat' dir='ltr'>videri</span> <span class='ocrx_word' id='word_1_260' title='bbox 1390 2593 1509 2630; x_wconf 80' lang='lat' dir='ltr'>debet.</span> 
     </span>
     <span class='ocr_line' id='line_1_41' title="bbox 576 2646 1142 2685; baseline 0.005 -3"><span class='ocrx_word' id='word_1_261' title='bbox 576 2647 696 2683; x_wconf 75' lang='lat' dir='ltr'>(todex</span> <span class='ocrx_word' id='word_1_262' title='bbox 715 2646 799 2684; x_wconf 84' lang='grc' dir='ltr'>ὥστε</span> <span class='ocrx_word' id='word_1_263' title='bbox 817 2648 888 2685; x_wconf 81' lang='grc' dir='ltr'>οὐδὲ</span> <span class='ocrx_word' id='word_1_264' title='bbox 906 2650 973 2685; x_wconf 80' lang='grc' dir='ltr'>ἐκεῖ</span> <span class='ocrx_word' id='word_1_265' title='bbox 991 2647 1060 2685; x_wconf 80' lang='grc' dir='ltr'>οὐδὲ</span> <span class='ocrx_word' id='word_1_266' title='bbox 1079 2651 1142 2685; x_wconf 79' lang='grc' dir='ltr'>ἔνθ.</span> 
     </span>
    </p>

    <p class='ocr_par' dir='ltr' id='par_1_8' title="bbox 574 2702 1513 2860">
     <span class='ocr_line' id='line_1_42' title="bbox 624 2702 1513 2754; baseline 0.002 -16"><span class='ocrx_word' id='word_1_267' title='bbox 624 2708 708 2748; x_wconf 82' lang='grc'>947,</span> <span class='ocrx_word' id='word_1_268' title='bbox 732 2716 771 2747; x_wconf 85' lang='grc'>17</span> <span class='ocrx_word' id='word_1_269' title='bbox 789 2702 843 2739; x_wconf 73' lang='grc' dir='ltr'>καὶ</span> <span class='ocrx_word' id='word_1_270' title='bbox 854 2702 893 2739; x_wconf 83' lang='grc' dir='ltr'>τὸ</span> <span class='ocrx_word' id='word_1_271' title='bbox 912 2702 1022 2739; x_wconf 81' lang='grc' dir='ltr'>παίσω</span> <span class='ocrx_word' id='word_1_272' title='bbox 1040 2703 1139 2739; x_wconf 87' lang='grc' dir='ltr'>πάλιν</span> <span class='ocrx_word' id='word_1_273' title='bbox 1165 2702 1344 2751; x_wconf 78' lang='grc' dir='ltr'>παιξοῧμαι</span> <span class='ocrx_word' id='word_1_274' title='bbox 1363 2704 1513 2754; x_wconf 73' lang='lat' dir='ltr'>Schnei—</span> 
     </span>
     <span class='ocr_line' id='line_1_43' title="bbox 574 2757 1513 2806; baseline 0.005 -15"><span class='ocrx_word' id='word_1_275' title='bbox 574 2757 681 2792; x_wconf 84' lang='lat' dir='ltr'>‹lerus</span> <span class='ocrx_word' id='word_1_276' title='bbox 695 2769 729 2804; x_wconf 85' lang='lat' dir='ltr'>p.</span> <span class='ocrx_word' id='word_1_277' title='bbox 745 2758 779 2802; x_wconf 85' lang='grc'>6,</span> <span class='ocrx_word' id='word_1_278' title='bbox 794 2758 889 2805; x_wconf 90' lang='lat' dir='ltr'>quod</span> <span class='ocrx_word' id='word_1_279' title='bbox 899 2770 1022 2794; x_wconf 87' lang='lat' dir='ltr'>verum</span> <span class='ocrx_word' id='word_1_280' title='bbox 1036 2758 1188 2795; x_wconf 85' lang='lat' dir='ltr'>videtur.</span> <span class='ocrx_word' id='word_1_281' title='bbox 1204 2758 1307 2806; x_wconf 81' lang='lat' dir='ltr'>Apud</span> <span class='ocrx_word' id='word_1_282' title='bbox 1320 2761 1513 2796; x_wconf 87' lang='lat' dir='ltr'>Homerum</span> 
     </span>
     <span class='ocr_line' id='line_1_44' title="bbox 576 2810 911 2860; baseline 0.003 -14"><span class='ocrx_word' id='word_1_283' title='bbox 576 2818 627 2846; x_wconf 77' lang='lat' dir='ltr'>cst</span> <span class='ocrx_word' id='word_1_284' title='bbox 645 2810 911 2860; x_wconf 79' lang='grc' dir='ltr'>φιλοπαίγμονος.</span> 
     </span>
    </p>

    <p class='ocr_par' dir='ltr' id='par_1_9' title="bbox 574 2865 1513 2968">
     <span class='ocr_line' id='line_1_45' title="bbox 623 2865 1513 2917; baseline 0.008 -18"><span class='ocrx_word' id='word_1_285' title='bbox 623 2867 694 2912; x_wconf 86' lang='grc'>948</span> <span class='ocrx_word' id='word_1_286' title='bbox 713 2867 793 2901; x_wconf 86' lang='lat' dir='ltr'>Put.</span> <span class='ocrx_word' id='word_1_287' title='bbox 817 2865 891 2901; x_wconf 74' lang='grc' dir='ltr'>ἀντὶ</span> <span class='ocrx_word' id='word_1_288' title='bbox 911 2867 1068 2915; x_wconf 76' lang='grc' dir='ltr'>ποιῶμεν.</span> <span class='ocrx_word' id='word_1_289' title='bbox 1085 2889 1122 2897; x_wconf 91' lang='lat'>-—</span> <span class='ocrx_word' id='word_1_290' title='bbox 1140 2879 1186 2903; x_wconf 78' lang='lat'>22</span> <span class='ocrx_word' id='word_1_291' title='bbox 1219 2867 1377 2917; x_wconf 78' lang='grc' dir='ltr'>ἆνὲχομεν</span> <span class='ocrx_word' id='word_1_292' title='bbox 1400 2870 1513 2906; x_wconf 83' lang='lat' dir='ltr'>codex</span> 
     </span>
     <span class='ocr_line' id='line_1_46' title="bbox 574 2917 1011 2968; baseline 0.002 -13"><span class='ocrx_word' id='word_1_293' title='bbox 574 2927 609 2956; x_wconf 84' lang='lat' dir='ltr'>et</span> <span class='ocrx_word' id='word_1_294' title='bbox 627 2919 757 2955; x_wconf 85' lang='lat' dir='ltr'>Suidas</span> <span class='ocrx_word' id='word_1_295' title='bbox 775 2931 804 2955; x_wconf 88' lang='lat' dir='ltr'>s.</span> <span class='ocrx_word' id='word_1_296' title='bbox 825 2917 1011 2968; x_wconf 75' lang='grc' dir='ltr'>Ἀνέχομαι.</span> 
     </span>
    </p>

    <p class='ocr_par' dir='ltr' id='par_1_10' title="bbox 573 2972 1514 3078">
     <span class='ocr_line' id='line_1_47' title="bbox 624 2972 1514 3024; baseline 0.004 -16"><span class='ocrx_word' id='word_1_297' title='bbox 624 2973 696 3021; x_wconf 82' lang='grc'><strong>956</strong></span> <span class='ocrx_word' id='word_1_298' title='bbox 712 2977 792 3010; x_wconf 84' lang='lat' dir='ltr'>Put.</span> <span class='ocrx_word' id='word_1_299' title='bbox 812 2973 877 3019; x_wconf 76' lang='lat' dir='ltr'>(ad</span> <span class='ocrx_word' id='word_1_300' title='bbox 892 2972 1018 3022; x_wconf 78' lang='grc' dir='ltr'>ὕπαγε)</span> <span class='ocrx_word' id='word_1_301' title='bbox 1033 2973 1165 3023; x_wconf 79' lang='grc' dir='ltr'>ἡσύχως</span> <span class='ocrx_word' id='word_1_302' title='bbox 1181 2989 1261 3016; x_wconf 85' lang='grc' dir='ltr'>πως.</span> <span class='ocrx_word' id='word_1_303' title='bbox 1290 2976 1344 3012; x_wconf 75' lang='grc' dir='ltr'>Λᾶ</span> <span class='ocrx_word' id='word_1_304' title='bbox 1365 2989 1397 3014; x_wconf 74' lang='grc' dir='ltr'>ν.</span> <span class='ocrx_word' id='word_1_305' title='bbox 1414 2977 1484 3024; x_wconf 92' lang='grc'><strong>964</strong></span> <span class='ocrx_word' id='word_1_306' title='bbox 1504 3004 1514 3023; x_wconf 89' lang='grc'><strong>,</strong></span> 
     </span>
     <span class='ocr_line' id='line_1_48' title="bbox 573 3021 1231 3078; baseline 0.002 -14"><span class='ocrx_word' id='word_1_307' title='bbox 573 3027 645 3069; x_wconf 78' lang='grc' dir='ltr'>τοὺς</span> <span class='ocrx_word' id='word_1_308' title='bbox 660 3027 778 3078; x_wconf 81' lang='grc' dir='ltr'>ἄνδρας</span> <span class='ocrx_word' id='word_1_309' title='bbox 792 3021 829 3064; x_wconf 68' lang='grc' dir='ltr'><em>ὦ</em></span> <span class='ocrx_word' id='word_1_310' title='bbox 840 3055 850 3074; x_wconf 86' lang='grc'><strong>,</strong></span> <span class='ocrx_word' id='word_1_311' title='bbox 867 3029 975 3069; x_wconf 81' lang='grc' dir='ltr'>κακῶς</span> <span class='ocrx_word' id='word_1_312' title='bbox 990 3028 1048 3070; x_wconf 75' lang='grc' dir='ltr'>τὰς</span> <span class='ocrx_word' id='word_1_313' title='bbox 1064 3034 1231 3077; x_wconf 80' lang='grc' dir='ltr'>γυναῖκας.</span> 
     </span>
    </p>

    <p class='ocr_par' dir='ltr' id='par_1_11' title="bbox 573 3082 1513 3229">
     <span class='ocr_line' id='line_1_49' title="bbox 623 3082 1510 3133; baseline 0.003 -16"><span class='ocrx_word' id='word_1_314' title='bbox 623 3083 692 3130; x_wconf 85' lang='grc'>973</span> <span class='ocrx_word' id='word_1_315' title='bbox 719 3083 828 3119; x_wconf 82' lang='lat' dir='ltr'>habet</span> <span class='ocrx_word' id='word_1_316' title='bbox 853 3082 981 3119; x_wconf 85' lang='lat' dir='ltr'>Suidas</span> <span class='ocrx_word' id='word_1_317' title='bbox 1010 3096 1037 3120; x_wconf 86' lang='lat' dir='ltr'>s.</span> <span class='ocrx_word' id='word_1_318' title='bbox 1067 3083 1187 3120; x_wconf 79' lang='grc' dir='ltr'>Τελεία</span> <span class='ocrx_word' id='word_1_319' title='bbox 1212 3092 1246 3120; x_wconf 87' lang='lat' dir='ltr'>et</span> <span class='ocrx_word' id='word_1_320' title='bbox 1275 3088 1368 3130; x_wconf 86' lang='lat' dir='ltr'>Put.,</span> <span class='ocrx_word' id='word_1_321' title='bbox 1390 3086 1450 3133; x_wconf 86' lang='lat' dir='ltr'>qui</span> <span class='ocrx_word' id='word_1_322' title='bbox 1469 3087 1510 3120; x_wconf 90' lang='grc'>31</span> 
     </span>
     <span class='ocr_line' id='line_1_50' title="bbox 574 3136 1513 3186; baseline 0.003 -14"><span class='ocrx_word' id='word_1_323' title='bbox 574 3138 707 3174; x_wconf 86' lang='lat' dir='ltr'>omittit</span> <span class='ocrx_word' id='word_1_324' title='bbox 725 3136 842 3186; x_wconf 83' lang='grc' dir='ltr'>γάμοις</span> <span class='ocrx_word' id='word_1_325' title='bbox 857 3140 933 3174; x_wconf 84' lang='lat' dir='ltr'>sine</span> <span class='ocrx_word' id='word_1_326' title='bbox 949 3138 1087 3174; x_wconf 79' lang='lat' dir='ltr'>lacuna.</span> <span class='ocrx_word' id='word_1_327' title='bbox 1104 3161 1142 3168; x_wconf 93' lang='lat'>—</span> <span class='ocrx_word' id='word_1_328' title='bbox 1158 3140 1202 3174; x_wconf 79' lang='lat'>32</span> <span class='ocrx_word' id='word_1_329' title='bbox 1218 3138 1267 3175; x_wconf 80' lang='grc' dir='ltr'>διὸ</span> <span class='ocrx_word' id='word_1_330' title='bbox 1282 3147 1317 3175; x_wconf 89' lang='lat' dir='ltr'>et</span> <span class='ocrx_word' id='word_1_331' title='bbox 1333 3140 1478 3176; x_wconf 82' lang='grc' dir='ltr'>ἐκαλεῖτο</span> <span class='ocrx_word' id='word_1_332' title='bbox 1492 3143 1513 3185; x_wconf 82' lang='grc' dir='ltr'>ἠ</span> 
     </span>
     <span class='ocr_line' id='line_1_51' title="bbox 573 3192 762 3229; baseline 0.011 -3"><span class='ocrx_word' id='word_1_333' title='bbox 573 3205 642 3228; x_wconf 83' lang='lat' dir='ltr'>om.</span> <span class='ocrx_word' id='word_1_334' title='bbox 658 3192 762 3229; x_wconf 83' lang='lat' dir='ltr'>idem.</span> 
     </span>
    </p>

    <p class='ocr_par' dir='ltr' id='par_1_12' title="bbox 573 3245 1515 3405">
     <span class='ocr_line' id='line_1_52' title="bbox 622 3245 1515 3296; baseline 0.006 -16"><span class='ocrx_word' id='word_1_335' title='bbox 622 3247 693 3292; x_wconf 79' lang='lat'>986</span> <span class='ocrx_word' id='word_1_336' title='bbox 721 3245 828 3282; x_wconf 77' lang='lat' dir='ltr'>habet</span> <span class='ocrx_word' id='word_1_337' title='bbox 854 3248 934 3283; x_wconf 73' lang='lat' dir='ltr'>put.</span> <span class='ocrx_word' id='word_1_338' title='bbox 957 3249 1003 3283; x_wconf 84' lang='lat' dir='ltr'>Et</span> <span class='ocrx_word' id='word_1_339' title='bbox 1027 3247 1071 3283; x_wconf 88' lang='lat' dir='ltr'>ad</span> <span class='ocrx_word' id='word_1_340' title='bbox 1104 3259 1139 3282; x_wconf 92' lang='lat' dir='ltr'>v.</span> <span class='ocrx_word' id='word_1_341' title='bbox 1160 3249 1249 3294; x_wconf 88' lang='grc'><strong>993,</strong></span> <span class='ocrx_word' id='word_1_342' title='bbox 1279 3246 1317 3283; x_wconf 82' lang='grc' dir='ltr'>τὸ</span> <span class='ocrx_word' id='word_1_343' title='bbox 1346 3248 1379 3284; x_wconf 78' lang='grc' dir='ltr'>ἐν</span> <span class='ocrx_word' id='word_1_344' title='bbox 1405 3247 1515 3296; x_wconf 78' lang='grc' dir='ltr'>ὕμνοις</span> 
     </span>
     <span class='ocr_line' id='line_1_53' title="bbox 573 3299 1514 3353; baseline 0.004 -18"><span class='ocrx_word' id='word_1_345' title='bbox 573 3299 651 3349; x_wconf 79' lang='grc' dir='ltr'>πρὸς</span> <span class='ocrx_word' id='word_1_346' title='bbox 667 3299 704 3336; x_wconf 85' lang='grc' dir='ltr'>τὸ</span> <span class='ocrx_word' id='word_1_347' title='bbox 716 3303 861 3351; x_wconf 79' lang='grc' dir='ltr'>νυμφῶν.</span> <span class='ocrx_word' id='word_1_348' title='bbox 881 3301 934 3337; x_wconf 73' lang='lat' dir='ltr'>Ad</span> <span class='ocrx_word' id='word_1_349' title='bbox 962 3314 995 3338; x_wconf 76' lang='lat' dir='ltr'>v,</span> <span class='ocrx_word' id='word_1_350' title='bbox 1019 3302 1113 3349; x_wconf 83' lang='lat'><strong>995,</strong></span> <span class='ocrx_word' id='word_1_351' title='bbox 1133 3301 1205 3336; x_wconf 75' lang='grc' dir='ltr'>ἀντὶ</span> <span class='ocrx_word' id='word_1_352' title='bbox 1222 3304 1279 3338; x_wconf 79' lang='grc' dir='ltr'>τοῦ</span> <span class='ocrx_word' id='word_1_353' title='bbox 1299 3302 1331 3338; x_wconf 79' lang='grc' dir='ltr'>ἐν</span> <span class='ocrx_word' id='word_1_354' title='bbox 1346 3304 1394 3352; x_wconf 80' lang='grc' dir='ltr'>τῷ</span> <span class='ocrx_word' id='word_1_355' title='bbox 1412 3305 1514 3353; x_wconf 84' lang='grc' dir='ltr'>βωμῷ</span> 
     </span>
     <span class='ocr_line' id='line_1_54' title="bbox 573 3348 1019 3405; baseline 0.007 -14"><span class='ocrx_word' id='word_1_356' title='bbox 573 3355 605 3391; x_wconf 77' lang='grc' dir='ltr'>ἰν</span> <span class='ocrx_word' id='word_1_357' title='bbox 625 3348 653 3405; x_wconf 77' lang='grc' dir='ltr'><em>ᾧ</em></span> <span class='ocrx_word' id='word_1_358' title='bbox 669 3353 724 3390; x_wconf 78' lang='grc' dir='ltr'>τὸν</span> <span class='ocrx_word' id='word_1_359' title='bbox 742 3351 803 3390; x_wconf 59' lang='lat' dir='ltr'>cion</span> <span class='ocrx_word' id='word_1_360' title='bbox 819 3354 899 3405; x_wconf 77' lang='lat' dir='ltr'>(sic)</span> <span class='ocrx_word' id='word_1_361' title='bbox 915 3354 1019 3394; x_wconf 77' lang='grc' dir='ltr'>ἔθυον.</span> 
     </span>
    </p>

    <p class='ocr_par' dir='ltr' id='par_1_13' title="bbox 628 3408 1508 3464">
     <span class='ocr_line' id='line_1_55' title="bbox 628 3408 1508 3464; baseline 0.008 -21"><span class='ocrx_word' id='word_1_362' title='bbox 628 3421 713 3444; x_wconf 85' lang='grc'><strong>1001</strong></span> <span class='ocrx_word' id='word_1_363' title='bbox 743 3408 813 3445; x_wconf 81' lang='grc' dir='ltr'>ἀντὶ</span> <span class='ocrx_word' id='word_1_364' title='bbox 842 3408 923 3460; x_wconf 73' lang='grc' dir='ltr'>πρὸς</span> <span class='ocrx_word' id='word_1_365' title='bbox 945 3410 1084 3461; x_wconf 82' lang='grc' dir='ltr'>αἰθρίαν.</span> <span class='ocrx_word' id='word_1_366' title='bbox 1108 3409 1295 3463; x_wconf 70' lang='grc' dir='ltr'>βαρὸαρίζει</span> <span class='ocrx_word' id='word_1_367' title='bbox 1315 3411 1378 3464; x_wconf 81' lang='grc' dir='ltr'>γὰρ</span> <span class='ocrx_word' id='word_1_368' title='bbox 1405 3413 1423 3450; x_wconf 84' lang='grc' dir='ltr'>ὁ</span> <span class='ocrx_word' id='word_1_369' title='bbox 1441 3412 1508 3458; x_wconf 82' lang='grc' dir='ltr'>τοξ.</span> 
     </span>
    </p>
   </div>
   <div class='ocr_carea' id='block_1_3' title="bbox 1256 434 1796 474">
    <p class='ocr_par' dir='ltr' id='par_1_14' title="bbox 1256 434 1796 474">
     <span class='ocr_line' id='line_1_56' title="bbox 1256 434 1796 474; baseline -0.007 0"><span class='ocrx_word' id='word_1_370' title='bbox 1256 435 1532 474; x_wconf 78' lang='grc' dir='ltr'><strong>ΑΒΝΟΤΑΤΙΟ</strong></span> <span class='ocrx_word' id='word_1_371' title='bbox 1559 435 1606 472; x_wconf 84' lang='grc' dir='ltr'>ΙΝ</span> <span class='ocrx_word' id='word_1_372' title='bbox 1632 434 1796 473; x_wconf 75' lang='lat' dir='ltr'>Senot..</span> 
     </span>
    </p>
   </div>
   <div class='ocr_carea' id='block_1_4' title="bbox 1555 518 2528 3465">
    <p class='ocr_par' dir='ltr' id='par_1_15' title="bbox 1556 518 2515 622">
     <span class='ocr_line' id='line_1_57' title="bbox 1557 518 2515 567; baseline -0.005 -12"><span class='ocrx_word' id='word_1_373' title='bbox 1557 521 1633 555; x_wconf 79' lang='lat' dir='ltr'>Put.</span> <span class='ocrx_word' id='word_1_374' title='bbox 1665 518 1733 565; x_wconf 90' lang='lat' dir='ltr'>Qui</span> <span class='ocrx_word' id='word_1_375' title='bbox 1759 518 1980 567; x_wconf 79' lang='lat' dir='ltr'>sequentium</span> <span class='ocrx_word' id='word_1_376' title='bbox 2001 528 2143 566; x_wconf 83' lang='lat' dir='ltr'>quoque</span> <span class='ocrx_word' id='word_1_377' title='bbox 2171 520 2373 565; x_wconf 79' lang='lat' dir='ltr'>glossarum</span> <span class='ocrx_word' id='word_1_378' title='bbox 2396 527 2515 563; x_wconf 80' lang='lat' dir='ltr'>prope</span> 
     </span>
     <span class='ocr_line' id='line_1_58' title="bbox 1556 572 2031 622; baseline -0.002 -13"><span class='ocrx_word' id='word_1_379' title='bbox 1556 573 1738 609; x_wconf 87' lang='lat' dir='ltr'>dimidiam</span> <span class='ocrx_word' id='word_1_380' title='bbox 1758 581 1893 622; x_wconf 82' lang='lat' dir='ltr'>partem</span> <span class='ocrx_word' id='word_1_381' title='bbox 1912 572 2031 609; x_wconf 77' lang='lat' dir='ltr'>habet.</span> 
     </span>
    </p>

    <p class='ocr_par' dir='ltr' id='par_1_16' title="bbox 1555 625 2516 734">
     <span class='ocr_line' id='line_1_59' title="bbox 1611 625 2516 678; baseline -0.002 -14"><span class='ocrx_word' id='word_1_382' title='bbox 1611 642 1711 674; x_wconf 86' lang='grc'><strong>1007,</strong></span> <span class='ocrx_word' id='word_1_383' title='bbox 1731 630 1778 677; x_wconf 86' lang='grc'><strong>39</strong></span> <span class='ocrx_word' id='word_1_384' title='bbox 1792 629 1892 677; x_wconf 82' lang='grc' dir='ltr'>ἤγουν</span> <span class='ocrx_word' id='word_1_385' title='bbox 1909 631 1943 678; x_wconf 88' lang='grc' dir='ltr'>ψ.</span> <span class='ocrx_word' id='word_1_386' title='bbox 1959 626 2012 666; x_wconf 75' lang='grc' dir='ltr'>ἵνα</span> <span class='ocrx_word' id='word_1_387' title='bbox 2029 626 2154 677; x_wconf 80' lang='grc' dir='ltr'>πύταξῃ</span> <span class='ocrx_word' id='word_1_388' title='bbox 2176 626 2259 676; x_wconf 83' lang='lat' dir='ltr'>(sic)</span> <span class='ocrx_word' id='word_1_389' title='bbox 2273 641 2329 664; x_wconf 90' lang='grc' dir='ltr'>σοι</span> <span class='ocrx_word' id='word_1_390' title='bbox 2340 641 2351 663; x_wconf 78' lang='lat' dir='ltr'>t</span> <span class='ocrx_word' id='word_1_391' title='bbox 2367 625 2448 663; x_wconf 74' lang='grc' dir='ltr'>ἀντὶ</span> <span class='ocrx_word' id='word_1_392' title='bbox 2461 629 2516 662; x_wconf 75' lang='grc' dir='ltr'>τοῦ</span> 
     </span>
     <span class='ocr_line' id='line_1_60' title="bbox 1555 682 2417 734; baseline -0.002 -14"><span class='ocrx_word' id='word_1_393' title='bbox 1555 682 1609 720; x_wconf 78' lang='grc' dir='ltr'>ἰνα</span> <span class='ocrx_word' id='word_1_394' title='bbox 1625 683 1748 734; x_wconf 78' lang='grc' dir='ltr'>φυλάξῃ</span> <span class='ocrx_word' id='word_1_395' title='bbox 1764 698 1815 720; x_wconf 87' lang='grc' dir='ltr'>σοι</span> <span class='ocrx_word' id='word_1_396' title='bbox 1832 687 1909 720; x_wconf 76' lang='lat' dir='ltr'>Pur.</span> <span class='ocrx_word' id='word_1_397' title='bbox 1926 687 2013 720; x_wconf 80' lang='lat' dir='ltr'>Rav.</span> <span class='ocrx_word' id='word_1_398' title='bbox 2032 696 2174 732; x_wconf 85' lang='lat' dir='ltr'>quoque</span> <span class='ocrx_word' id='word_1_399' title='bbox 2193 682 2326 734; x_wconf 76' lang='grc' dir='ltr'>φυλάξῃ</span> <span class='ocrx_word' id='word_1_400' title='bbox 2345 696 2417 718; x_wconf 84' lang='grc' dir='ltr'>σοι.</span> 
     </span>
    </p>

    <p class='ocr_par' dir='ltr' id='par_1_17' title="bbox 1556 734 2520 841">
     <span class='ocr_line' id='line_1_61' title="bbox 1610 734 2520 788; baseline -0.002 -14"><span class='ocrx_word' id='word_1_401' title='bbox 1610 751 1671 774; x_wconf 84' lang='grc'>101</span> <span class='ocrx_word' id='word_1_402' title='bbox 1684 751 1698 773; x_wconf 86' lang='grc'>1</span> <span class='ocrx_word' id='word_1_403' title='bbox 1718 741 1735 775; x_wconf 81' lang='grc' dir='ltr'>δ</span> <span class='ocrx_word' id='word_1_404' title='bbox 1752 736 1862 788; x_wconf 79' lang='grc' dir='ltr'>ὥσπερ</span> <span class='ocrx_word' id='word_1_405' title='bbox 1879 741 1957 775; x_wconf 87' lang='lat' dir='ltr'>Put.</span> <span class='ocrx_word' id='word_1_406' title='bbox 1977 739 2046 783; x_wconf 87' lang='lat' dir='ltr'>Qui</span> <span class='ocrx_word' id='word_1_407' title='bbox 2062 738 2151 774; x_wconf 83' lang='lat' dir='ltr'>adv.</span> <span class='ocrx_word' id='word_1_408' title='bbox 2176 742 2269 780; x_wconf 87' lang='grc'><strong>1014</strong></span> <span class='ocrx_word' id='word_1_409' title='bbox 2282 764 2293 783; x_wconf 89' lang='grc'><strong>,</strong></span> <span class='ocrx_word' id='word_1_410' title='bbox 2312 737 2344 773; x_wconf 73' lang='grc' dir='ltr'>εἰ</span> <span class='ocrx_word' id='word_1_411' title='bbox 2362 734 2417 784; x_wconf 80' lang='grc' dir='ltr'>μὴ</span> <span class='ocrx_word' id='word_1_412' title='bbox 2441 734 2520 784; x_wconf 70' lang='grc' dir='ltr'>βού-</span> 
     </span>
     <span class='ocr_line' id='line_1_62' title="bbox 1556 790 2031 841; baseline 0.002 -13"><span class='ocrx_word' id='word_1_413' title='bbox 1556 793 1645 829; x_wconf 84' lang='grc' dir='ltr'>λοιτο</span> <span class='ocrx_word' id='word_1_414' title='bbox 1661 791 1777 829; x_wconf 76' lang='grc' dir='ltr'>σώσειν</span> <span class='ocrx_word' id='word_1_415' title='bbox 1795 791 1854 841; x_wconf 75' lang='grc' dir='ltr'>ἐμὲ</span> <span class='ocrx_word' id='word_1_416' title='bbox 1871 790 2031 836; x_wconf 80' lang='grc' dir='ltr'>δηλονότι.</span> 
     </span>
    </p>

    <p class='ocr_par' dir='ltr' id='par_1_18' title="bbox 1612 847 2098 898">
     <span class='ocr_line' id='line_1_63' title="bbox 1612 847 2098 898; baseline 0 -15"><span class='ocrx_word' id='word_1_417' title='bbox 1612 849 1716 894; x_wconf 87' lang='grc'><strong>1015,</strong></span> <span class='ocrx_word' id='word_1_418' title='bbox 1736 849 1781 890; x_wconf 91' lang='grc'>46</span> <span class='ocrx_word' id='word_1_419' title='bbox 1796 847 1882 898; x_wconf 86' lang='grc' dir='ltr'>φίλοι</span> <span class='ocrx_word' id='word_1_420' title='bbox 1900 861 1956 895; x_wconf 82' lang='grc' dir='ltr'>μοι</span> <span class='ocrx_word' id='word_1_421' title='bbox 1973 847 2098 883; x_wconf 83' lang='lat' dir='ltr'>codex.</span> 
     </span>
    </p>

    <p class='ocr_par' dir='ltr' id='par_1_19' title="bbox 1560 900 2528 1282">
     <span class='ocr_line' id='line_1_64' title="bbox 1613 900 2525 952; baseline -0.002 -15"><span class='ocrx_word' id='word_1_422' title='bbox 1613 903 1717 949; x_wconf 81' lang='grc'><strong>1018,</strong></span> <span class='ocrx_word' id='word_1_423' title='bbox 1732 908 1778 949; x_wconf 89' lang='grc'><strong>49</strong></span> <span class='ocrx_word' id='word_1_424' title='bbox 1796 900 1875 952; x_wconf 81' lang='grc' dir='ltr'>πρὸς</span> <span class='ocrx_word' id='word_1_425' title='bbox 1890 902 2005 943; x_wconf 74' lang='grc' dir='ltr'>Αἰδοῦς</span> <span class='ocrx_word' id='word_1_426' title='bbox 2023 901 2060 939; x_wconf 68' lang='grc' dir='ltr'>σὲ</span> <span class='ocrx_word' id='word_1_427' title='bbox 2070 900 2128 939; x_wconf 71' lang='grc' dir='ltr'>τὰν</span> <span class='ocrx_word' id='word_1_428' title='bbox 2144 902 2178 939; x_wconf 75' lang='grc' dir='ltr'>ἕν</span> <span class='ocrx_word' id='word_1_429' title='bbox 2196 901 2372 938; x_wconf 81' lang='lat' dir='ltr'>restituit</span> <span class='ocrx_word' id='word_1_430' title='bbox 2387 900 2525 938; x_wconf 78' lang='lat' dir='ltr'>seidle-</span> 
     </span>
     <span class='ocr_line' id='line_1_65' title="bbox 1560 953 2527 993; baseline -0.001 -2"><span class='ocrx_word' id='word_1_431' title='bbox 1560 968 1631 992; x_wconf 86' lang='lat' dir='ltr'>rus.</span> <span class='ocrx_word' id='word_1_432' title='bbox 1647 978 1695 984; x_wconf 91' lang='lat'>—</span> <span class='ocrx_word' id='word_1_433' title='bbox 1710 957 1755 992; x_wconf 85' lang='grc'><strong>50</strong></span> <span class='ocrx_word' id='word_1_434' title='bbox 1775 955 1965 992; x_wconf 79' lang='grc' dir='ltr'>ἀπόπαυσον</span> <span class='ocrx_word' id='word_1_435' title='bbox 1988 956 2096 993; x_wconf 83' lang='lat' dir='ltr'>idem.</span> <span class='ocrx_word' id='word_1_436' title='bbox 2119 956 2248 993; x_wconf 83' lang='lat' dir='ltr'>Codex</span> <span class='ocrx_word' id='word_1_437' title='bbox 2272 953 2476 991; x_wconf 69' lang='grc' dir='ltr'>ἀπότεισον.</span> <span class='ocrx_word' id='word_1_438' title='bbox 2490 977 2527 984; x_wconf 88' lang='grc'>-</span> 
     </span>
     <span class='ocr_line' id='line_1_66' title="bbox 1561 1008 2528 1057; baseline -0.001 -12"><span class='ocrx_word' id='word_1_439' title='bbox 1561 1010 1600 1046; x_wconf 86' lang='grc'>51</span> <span class='ocrx_word' id='word_1_440' title='bbox 1627 1013 1739 1046; x_wconf 83' lang='lat' dir='ltr'>codcx</span> <span class='ocrx_word' id='word_1_441' title='bbox 1766 1018 1804 1046; x_wconf 93' lang='lat' dir='ltr'>ut</span> <span class='ocrx_word' id='word_1_442' title='bbox 1829 1011 1972 1047; x_wconf 70' lang='lat' dir='ltr'>videtur</span> <span class='ocrx_word' id='word_1_443' title='bbox 1997 1009 2109 1048; x_wconf 83' lang='grc' dir='ltr'>πόθου.</span> <span class='ocrx_word' id='word_1_444' title='bbox 2124 1034 2164 1041; x_wconf 92' lang='grc'>-</span> <span class='ocrx_word' id='word_1_445' title='bbox 2187 1011 2235 1046; x_wconf 74' lang='lat'>5²</span> <span class='ocrx_word' id='word_1_446' title='bbox 2261 1008 2528 1057; x_wconf 66' lang='grc' dir='ltr'>ἀστοῦ-πείσματα</span> 
     </span>
     <span class='ocr_line' id='line_1_67' title="bbox 1562 1063 2526 1114; baseline -0.004 -12"><span class='ocrx_word' id='word_1_447' title='bbox 1562 1066 1748 1102; x_wconf 80' lang='lat' dir='ltr'>Bckkcrus.</span> <span class='ocrx_word' id='word_1_448' title='bbox 1766 1065 1887 1103; x_wconf 80' lang='lat' dir='ltr'>Codex</span> <span class='ocrx_word' id='word_1_449' title='bbox 1906 1064 2119 1114; x_wconf 80' lang='grc' dir='ltr'>ἀσπάσματα.</span> <span class='ocrx_word' id='word_1_450' title='bbox 2139 1069 2229 1103; x_wconf 81' lang='lat' dir='ltr'>Haec</span> <span class='ocrx_word' id='word_1_451' title='bbox 2249 1066 2303 1101; x_wconf 91' lang='lat' dir='ltr'>sic</span> <span class='ocrx_word' id='word_1_452' title='bbox 2320 1066 2363 1100; x_wconf 84' lang='lat' dir='ltr'>in</span> <span class='ocrx_word' id='word_1_453' title='bbox 2384 1067 2469 1101; x_wconf 76' lang='lat' dir='ltr'>Put.</span> <span class='ocrx_word' id='word_1_454' title='bbox 2483 1063 2526 1099; x_wconf 75' lang='lat' dir='ltr'>ad</span> 
     </span>
     <span class='ocr_line' id='line_1_68' title="bbox 1562 1117 2527 1168; baseline -0.002 -13"><span class='ocrx_word' id='word_1_455' title='bbox 1562 1133 1595 1155; x_wconf 87' lang='lat' dir='ltr'>v.</span> <span class='ocrx_word' id='word_1_456' title='bbox 1631 1120 1720 1155; x_wconf 83' lang='grc'><strong>1015</strong></span> <span class='ocrx_word' id='word_1_457' title='bbox 1746 1131 1754 1152; x_wconf 88' lang='lat'><strong>:</strong></span> <span class='ocrx_word' id='word_1_458' title='bbox 1776 1120 1829 1156; x_wconf 76' lang='grc' dir='ltr'>διὰ</span> <span class='ocrx_word' id='word_1_459' title='bbox 1852 1120 1890 1157; x_wconf 81' lang='grc' dir='ltr'>τὸ</span> <span class='ocrx_word' id='word_1_460' title='bbox 1919 1120 2098 1168; x_wconf 78' lang='grc' dir='ltr'>λαμὸάνειν</span> <span class='ocrx_word' id='word_1_461' title='bbox 2132 1118 2398 1167; x_wconf 75' lang='grc' dir='ltr'>ἀσπάζασματα</span> <span class='ocrx_word' id='word_1_462' title='bbox 2430 1117 2527 1166; x_wconf 82' lang='lat' dir='ltr'>(sic)</span> 
     </span>
     <span class='ocr_line' id='line_1_69' title="bbox 1562 1172 2525 1223; baseline -0.003 -13"><span class='ocrx_word' id='word_1_463' title='bbox 1562 1175 1673 1211; x_wconf 84' lang='grc' dir='ltr'>άσυνδ.</span> <span class='ocrx_word' id='word_1_464' title='bbox 1702 1174 1739 1211; x_wconf 80' lang='grc' dir='ltr'>τὸ</span> <span class='ocrx_word' id='word_1_465' title='bbox 1761 1173 1809 1211; x_wconf 78' lang='grc' dir='ltr'>δλ.</span> <span class='ocrx_word' id='word_1_466' title='bbox 1841 1190 1872 1223; x_wconf 90' lang='grc' dir='ltr'>γ.</span> <span class='ocrx_word' id='word_1_467' title='bbox 1898 1179 1985 1212; x_wconf 87' lang='lat' dir='ltr'>Cum</span> <span class='ocrx_word' id='word_1_468' title='bbox 2009 1176 2062 1211; x_wconf 80' lang='lat' dir='ltr'>his</span> <span class='ocrx_word' id='word_1_469' title='bbox 2088 1174 2280 1223; x_wconf 80' lang='lat' dir='ltr'>jungenda</span> <span class='ocrx_word' id='word_1_470' title='bbox 2298 1186 2388 1209; x_wconf 77' lang='lat' dir='ltr'>esse</span> <span class='ocrx_word' id='word_1_471' title='bbox 2409 1173 2433 1208; x_wconf 89' lang='grc'>1.</span> <span class='ocrx_word' id='word_1_472' title='bbox 2461 1172 2525 1214; x_wconf 81' lang='grc'>54,</span> 
     </span>
     <span class='ocr_line' id='line_1_70' title="bbox 1560 1228 2491 1282; baseline -0.002 -17"><span class='ocrx_word' id='word_1_473' title='bbox 1560 1229 1704 1278; x_wconf 82' lang='grc' dir='ltr'>γίνεται,</span> <span class='ocrx_word' id='word_1_474' title='bbox 1718 1232 1762 1271; x_wconf 77' lang='grc' dir='ltr'>ὡς</span> <span class='ocrx_word' id='word_1_475' title='bbox 1775 1231 1807 1266; x_wconf 78' lang='grc' dir='ltr'>ἐν</span> <span class='ocrx_word' id='word_1_476' title='bbox 1824 1232 1983 1282; x_wconf 70' lang='grc' dir='ltr'>κωμῳδίᾳ</span> <span class='ocrx_word' id='word_1_477' title='bbox 1994 1259 2004 1277; x_wconf 83' lang='grc'><strong>,</strong></span> <span class='ocrx_word' id='word_1_478' title='bbox 2024 1238 2117 1267; x_wconf 80' lang='lat' dir='ltr'>recte</span> <span class='ocrx_word' id='word_1_479' title='bbox 2132 1231 2226 1266; x_wconf 84' lang='lat' dir='ltr'>dixit</span> <span class='ocrx_word' id='word_1_480' title='bbox 2244 1228 2491 1265; x_wconf 80' lang='lat' dir='ltr'>Fritzschius.</span> 
     </span>
    </p>

    <p class='ocr_par' dir='ltr' id='par_1_20' title="bbox 1618 1284 2378 1333">
     <span class='ocr_line' id='line_1_71' title="bbox 1618 1284 2378 1333; baseline -0.001 -15"><span class='ocrx_word' id='word_1_481' title='bbox 1618 1297 1719 1328; x_wconf 79' lang='lat'><strong>1022,</strong></span> <span class='ocrx_word' id='word_1_482' title='bbox 1740 1297 1759 1319; x_wconf 72' lang='grc' dir='ltr'>α</span> <span class='ocrx_word' id='word_1_483' title='bbox 1778 1285 2055 1329; x_wconf 78' lang='grc' dir='ltr'>πολυποινοτάτην</span> <span class='ocrx_word' id='word_1_484' title='bbox 2075 1297 2131 1333; x_wconf 82' lang='lat' dir='ltr'>ap.</span> <span class='ocrx_word' id='word_1_485' title='bbox 2149 1284 2378 1320; x_wconf 80' lang='lat' dir='ltr'>Bekkcrum.</span> 
     </span>
    </p>

    <p class='ocr_par' dir='ltr' id='par_1_21' title="bbox 1617 1337 2181 1391">
     <span class='ocr_line' id='line_1_72' title="bbox 1617 1337 2181 1391; baseline 0.004 -17"><span class='ocrx_word' id='word_1_486' title='bbox 1617 1340 1719 1383; x_wconf 82' lang='lat'>1031,</span> <span class='ocrx_word' id='word_1_487' title='bbox 1741 1352 1764 1386; x_wconf 89' lang='lat'><strong>9</strong></span> <span class='ocrx_word' id='word_1_488' title='bbox 1781 1337 1840 1383; x_wconf 81' lang='grc' dir='ltr'>τὴν</span> <span class='ocrx_word' id='word_1_489' title='bbox 1859 1338 2032 1391; x_wconf 62' lang='grc' dir='ltr'>ξιφοθήκην</span> <span class='ocrx_word' id='word_1_490' title='bbox 2053 1340 2181 1376; x_wconf 81' lang='lat' dir='ltr'>codex.</span> 
     </span>
    </p>

    <p class='ocr_par' dir='ltr' id='par_1_22' title="bbox 1564 1391 2519 1484">
     <span class='ocr_line' id='line_1_73' title="bbox 1617 1391 2519 1443; baseline 0.002 -16"><span class='ocrx_word' id='word_1_491' title='bbox 1617 1394 1707 1428; x_wconf 87' lang='grc'><strong>1033</strong></span> <span class='ocrx_word' id='word_1_492' title='bbox 1731 1393 1781 1429; x_wconf 89' lang='lat' dir='ltr'>sic</span> <span class='ocrx_word' id='word_1_493' title='bbox 1798 1396 1890 1438; x_wconf 89' lang='lat' dir='ltr'>Put.,</span> <span class='ocrx_word' id='word_1_494' title='bbox 1914 1392 2100 1438; x_wconf 80' lang='grc' dir='ltr'>Γλαυκέτης</span> <span class='ocrx_word' id='word_1_495' title='bbox 2121 1391 2314 1443; x_wconf 77' lang='grc' dir='ltr'>ὀψοφάγος,</span> <span class='ocrx_word' id='word_1_496' title='bbox 2347 1391 2386 1432; x_wconf 78' lang='grc' dir='ltr'>ὃς</span> <span class='ocrx_word' id='word_1_497' title='bbox 2402 1403 2519 1438; x_wconf 72' lang='grc' dir='ltr'>κωμῳ-</span> 
     </span>
     <span class='ocr_line' id='line_1_74' title="bbox 1564 1448 1676 1484; baseline -0.009 0"><span class='ocrx_word' id='word_1_498' title='bbox 1564 1448 1676 1484; x_wconf 85' lang='grc' dir='ltr'>δεῖται.</span> 
     </span>
    </p>

    <p class='ocr_par' dir='ltr' id='par_1_23' title="bbox 1564 1494 2516 1771">
     <span class='ocr_line' id='line_1_75' title="bbox 1619 1494 2516 1550; baseline -0.004 -12"><span class='ocrx_word' id='word_1_499' title='bbox 1619 1508 1710 1544; x_wconf 87' lang='grc'><strong>1040</strong></span> <span class='ocrx_word' id='word_1_500' title='bbox 1726 1503 1910 1550; x_wconf 70' lang='lat' dir='ltr'>praemittit</span> <span class='ocrx_word' id='word_1_501' title='bbox 1927 1507 2006 1541; x_wconf 88' lang='lat' dir='ltr'>Put.</span> <span class='ocrx_word' id='word_1_502' title='bbox 2026 1502 2063 1539; x_wconf 82' lang='grc' dir='ltr'>τὸ</span> <span class='ocrx_word' id='word_1_503' title='bbox 2076 1501 2161 1539; x_wconf 82' lang='grc' dir='ltr'>ἀλλά</span> <span class='ocrx_word' id='word_1_504' title='bbox 2176 1501 2253 1538; x_wconf 77' lang='grc' dir='ltr'>ἀντὶ</span> <span class='ocrx_word' id='word_1_505' title='bbox 2266 1504 2330 1538; x_wconf 77' lang='grc' dir='ltr'>τοῦ</span> <span class='ocrx_word' id='word_1_506' title='bbox 2345 1499 2411 1549; x_wconf 80' lang='grc' dir='ltr'>γάρ</span> <span class='ocrx_word' id='word_1_507' title='bbox 2419 1494 2516 1547; x_wconf 69' lang='grc' dir='ltr'>οἶμαι.</span> 
     </span>
     <span class='ocr_line' id='line_1_76' title="bbox 1564 1552 2515 1609; baseline -0.001 -16"><span class='ocrx_word' id='word_1_508' title='bbox 1564 1581 1601 1589; x_wconf 88' lang='grc'><strong>-</strong></span> <span class='ocrx_word' id='word_1_509' title='bbox 1624 1559 1665 1593; x_wconf 86' lang='grc'>15</span> <span class='ocrx_word' id='word_1_510' title='bbox 1682 1558 1776 1594; x_wconf 80' lang='lat' dir='ltr'>idem</span> <span class='ocrx_word' id='word_1_511' title='bbox 1795 1557 1898 1609; x_wconf 81' lang='grc' dir='ltr'>Ἄνδρ.</span> <span class='ocrx_word' id='word_1_512' title='bbox 1928 1558 1994 1594; x_wconf 80' lang='grc' dir='ltr'>ἀπὸ</span> <span class='ocrx_word' id='word_1_513' title='bbox 2018 1562 2125 1594; x_wconf 74' lang='grc' dir='ltr'>κοινοῦ</span> <span class='ocrx_word' id='word_1_514' title='bbox 2150 1557 2208 1594; x_wconf 75' lang='grc' dir='ltr'>καὶ</span> <span class='ocrx_word' id='word_1_515' title='bbox 2232 1556 2271 1593; x_wconf 82' lang='grc' dir='ltr'>τὸ</span> <span class='ocrx_word' id='word_1_516' title='bbox 2299 1558 2447 1605; x_wconf 75' lang='grc' dir='ltr'>γοᾶσθε,</span> <span class='ocrx_word' id='word_1_517' title='bbox 2464 1552 2515 1600; x_wconf 69' lang='grc' dir='ltr'>ἐμὲ</span> 
     </span>
     <span class='ocr_line' id='line_1_77' title="bbox 1565 1609 2512 1664; baseline -0.004 -14"><span class='ocrx_word' id='word_1_518' title='bbox 1565 1614 1713 1658; x_wconf 84' lang='grc' dir='ltr'>δηλονότι</span> <span class='ocrx_word' id='word_1_519' title='bbox 1730 1612 1789 1657; x_wconf 84' lang='grc' dir='ltr'>τὴν</span> <span class='ocrx_word' id='word_1_520' title='bbox 1804 1612 1977 1661; x_wconf 78' lang='grc' dir='ltr'>λιτομίνην</span> <span class='ocrx_word' id='word_1_521' title='bbox 1998 1613 2052 1650; x_wconf 84' lang='grc' dir='ltr'>τὸν</span> <span class='ocrx_word' id='word_1_522' title='bbox 2074 1615 2166 1664; x_wconf 75' lang='grc' dir='ltr'>φῶτα</span> <span class='ocrx_word' id='word_1_523' title='bbox 2184 1612 2207 1656; x_wconf 81' lang='grc' dir='ltr'>ἢ</span> <span class='ocrx_word' id='word_1_524' title='bbox 2229 1612 2289 1649; x_wconf 79' lang='grc' dir='ltr'>τὸν</span> <span class='ocrx_word' id='word_1_525' title='bbox 2312 1609 2512 1661; x_wconf 78' lang='grc' dir='ltr'>Εὐριπίδην,</span> 
     </span>
     <span class='ocr_line' id='line_1_78' title="bbox 1565 1666 2512 1715; baseline -0.004 -12"><span class='ocrx_word' id='word_1_526' title='bbox 1565 1668 1731 1704; x_wconf 81' lang='lat' dir='ltr'>omittens</span> <span class='ocrx_word' id='word_1_527' title='bbox 1753 1671 1879 1715; x_wconf 83' lang='grc'><strong>16-19.</strong></span> <span class='ocrx_word' id='word_1_528' title='bbox 1898 1669 2009 1704; x_wconf 83' lang='lat' dir='ltr'>Multa</span> <span class='ocrx_word' id='word_1_529' title='bbox 2027 1669 2072 1704; x_wconf 83' lang='lat' dir='ltr'>‹le</span> <span class='ocrx_word' id='word_1_530' title='bbox 2089 1667 2237 1704; x_wconf 77' lang='lat' dir='ltr'>scholiis</span> <span class='ocrx_word' id='word_1_531' title='bbox 2253 1667 2303 1702; x_wconf 75' lang='lat' dir='ltr'>ad</span> <span class='ocrx_word' id='word_1_532' title='bbox 2326 1666 2425 1702; x_wconf 83' lang='lat' dir='ltr'>hunc</span> <span class='ocrx_word' id='word_1_533' title='bbox 2442 1675 2512 1699; x_wconf 70' lang='lat' dir='ltr'>ver-</span> 
     </span>
     <span class='ocr_line' id='line_1_79' title="bbox 1566 1722 2265 1771; baseline 0.004 -14"><span class='ocrx_word' id='word_1_534' title='bbox 1566 1735 1642 1758; x_wconf 89' lang='lat' dir='ltr'>sum</span> <span class='ocrx_word' id='word_1_535' title='bbox 1662 1722 1889 1768; x_wconf 66' lang='lat' dir='ltr'>Frstzschius,</span> <span class='ocrx_word' id='word_1_536' title='bbox 1905 1736 1984 1771; x_wconf 85' lang='lat' dir='ltr'>quae</span> <span class='ocrx_word' id='word_1_537' title='bbox 2002 1736 2034 1758; x_wconf 86' lang='lat' dir='ltr'>v.</span> <span class='ocrx_word' id='word_1_538' title='bbox 2054 1735 2112 1771; x_wconf 83' lang='lat' dir='ltr'>ap.</span> <span class='ocrx_word' id='word_1_539' title='bbox 2132 1723 2265 1770; x_wconf 85' lang='lat' dir='ltr'>ipsum.</span> 
     </span>
    </p>

    <p class='ocr_par' dir='ltr' id='par_1_24' title="bbox 1622 1775 2431 1827">
     <span class='ocr_line' id='line_1_80' title="bbox 1622 1775 2431 1827; baseline -0.001 -16"><span class='ocrx_word' id='word_1_540' title='bbox 1622 1776 1724 1820; x_wconf 77' lang='lat'>1056,</span> <span class='ocrx_word' id='word_1_541' title='bbox 1741 1778 1786 1812; x_wconf 77' lang='lat'>28</span> <span class='ocrx_word' id='word_1_542' title='bbox 1802 1775 2011 1827; x_wconf 78' lang='grc' dir='ltr'>Ἀνδρομέδης</span> <span class='ocrx_word' id='word_1_543' title='bbox 2026 1780 2103 1813; x_wconf 86' lang='lat' dir='ltr'>Put.</span> <span class='ocrx_word' id='word_1_544' title='bbox 2116 1776 2215 1812; x_wconf 87' lang='lat' dir='ltr'>Idem</span> <span class='ocrx_word' id='word_1_545' title='bbox 2233 1776 2282 1812; x_wconf 85' lang='lat'>35</span> <span class='ocrx_word' id='word_1_546' title='bbox 2306 1787 2380 1811; x_wconf 87' lang='lat' dir='ltr'>om.</span> <span class='ocrx_word' id='word_1_547' title='bbox 2393 1776 2431 1818; x_wconf 78' lang='grc' dir='ltr'>ἡ.</span> 
     </span>
    </p>

    <p class='ocr_par' dir='ltr' id='par_1_25' title="bbox 1565 1827 2509 1978">
     <span class='ocr_line' id='line_1_81' title="bbox 1620 1827 2509 1881; baseline 0 -16"><span class='ocrx_word' id='word_1_548' title='bbox 1620 1832 1710 1875; x_wconf 85' lang='grc'><strong>1067</strong></span> <span class='ocrx_word' id='word_1_549' title='bbox 1727 1835 1804 1867; x_wconf 83' lang='lat' dir='ltr'>Put.</span> <span class='ocrx_word' id='word_1_550' title='bbox 1821 1830 1994 1881; x_wconf 78' lang='grc' dir='ltr'>διφρίουσα</span> <span class='ocrx_word' id='word_1_551' title='bbox 2007 1831 2106 1880; x_wconf 87' lang='lat' dir='ltr'>(sic),</span> <span class='ocrx_word' id='word_1_552' title='bbox 2118 1830 2219 1878; x_wconf 82' lang='grc' dir='ltr'>ἤγουν</span> <span class='ocrx_word' id='word_1_553' title='bbox 2237 1827 2450 1879; x_wconf 73' lang='grc' dir='ltr'>ἐποχουμένη</span> <span class='ocrx_word' id='word_1_554' title='bbox 2462 1829 2509 1862; x_wconf 70' lang='grc' dir='ltr'>τῶ</span> 
     </span>
     <span class='ocr_line' id='line_1_82' title="bbox 1567 1880 2509 1937; baseline -0.002 -16"><span class='ocrx_word' id='word_1_555' title='bbox 1567 1885 1681 1935; x_wconf 85' lang='grc' dir='ltr'>δίφρου</span> <span class='ocrx_word' id='word_1_556' title='bbox 1699 1887 1764 1921; x_wconf 82' lang='grc' dir='ltr'>τῶν</span> <span class='ocrx_word' id='word_1_557' title='bbox 1793 1887 1937 1935; x_wconf 78' lang='grc' dir='ltr'>ἀστέρων</span> <span class='ocrx_word' id='word_1_558' title='bbox 1964 1889 2020 1922; x_wconf 82' lang='grc' dir='ltr'>τοῦ</span> <span class='ocrx_word' id='word_1_559' title='bbox 2042 1887 2128 1937; x_wconf 65' lang='grc' dir='ltr'>ἱξροῦ</span> <span class='ocrx_word' id='word_1_560' title='bbox 2154 1885 2285 1935; x_wconf 84' lang='grc' dir='ltr'>αἰθέρος</span> <span class='ocrx_word' id='word_1_561' title='bbox 2313 1883 2357 1921; x_wconf 84' lang='grc' dir='ltr'>δι’</span> <span class='ocrx_word' id='word_1_562' title='bbox 2390 1880 2509 1928; x_wconf 70' lang='grc' dir='ltr'>Ὀλύμ-</span> 
     </span>
     <span class='ocr_line' id='line_1_83' title="bbox 1565 1954 1641 1978; baseline 0.026 -2"><span class='ocrx_word' id='word_1_563' title='bbox 1565 1954 1641 1978; x_wconf 85' lang='grc' dir='ltr'>που.</span> 
     </span>
    </p>

    <p class='ocr_par' dir='ltr' id='par_1_26' title="bbox 1567 1990 2509 2155">
     <span class='ocr_line' id='line_1_84' title="bbox 1622 1990 2508 2046; baseline -0.003 -16"><span class='ocrx_word' id='word_1_564' title='bbox 1622 2008 1713 2039; x_wconf 89' lang='grc'><strong>1070</strong></span> <span class='ocrx_word' id='word_1_565' title='bbox 1728 1998 1805 2033; x_wconf 87' lang='lat' dir='ltr'>Put.</span> <span class='ocrx_word' id='word_1_566' title='bbox 1824 1995 1923 2044; x_wconf 86' lang='grc' dir='ltr'>ἤγουν</span> <span class='ocrx_word' id='word_1_567' title='bbox 1942 1995 2052 2046; x_wconf 81' lang='grc' dir='ltr'>κύκλῳ</span> <span class='ocrx_word' id='word_1_568' title='bbox 2067 1997 2132 2032; x_wconf 87' lang='grc' dir='ltr'>τῶν</span> <span class='ocrx_word' id='word_1_569' title='bbox 2150 1995 2260 2031; x_wconf 73' lang='grc' dir='ltr'>ἄλλων</span> <span class='ocrx_word' id='word_1_570' title='bbox 2278 1995 2395 2043; x_wconf 68' lang='grc' dir='ltr'>παθῶν</span> <span class='ocrx_word' id='word_1_571' title='bbox 2416 1992 2438 2028; x_wconf 67' lang='grc' dir='ltr'>ἃ</span> <span class='ocrx_word' id='word_1_572' title='bbox 2453 1990 2508 2027; x_wconf 78' lang='grc' dir='ltr'>πέ-</span> 
     </span>
     <span class='ocr_line' id='line_1_85' title="bbox 1567 2047 2509 2100; baseline -0.005 -15"><span class='ocrx_word' id='word_1_573' title='bbox 1567 2052 1681 2087; x_wconf 88' lang='grc' dir='ltr'>πονθα.</span> <span class='ocrx_word' id='word_1_574' title='bbox 1705 2050 1760 2086; x_wconf 76' lang='lat' dir='ltr'>Ad</span> <span class='ocrx_word' id='word_1_575' title='bbox 1781 2063 1814 2086; x_wconf 86' lang='lat' dir='ltr'>v.</span> <span class='ocrx_word' id='word_1_576' title='bbox 1839 2063 1926 2096; x_wconf 83' lang='lat'><strong>¹⁰7¹</strong></span> <span class='ocrx_word' id='word_1_577' title='bbox 1943 2078 1953 2096; x_wconf 94' lang='lat'><strong><em>,</em></strong></span> <span class='ocrx_word' id='word_1_578' title='bbox 1975 2047 2228 2100; x_wconf 77' lang='grc' dir='ltr'>ἐκληρωσάμην.</span> <span class='ocrx_word' id='word_1_579' title='bbox 2258 2048 2320 2085; x_wconf 77' lang='lat' dir='ltr'>Ad</span> <span class='ocrx_word' id='word_1_580' title='bbox 2343 2061 2379 2085; x_wconf 76' lang='lat' dir='ltr'>v.</span> <span class='ocrx_word' id='word_1_581' title='bbox 2404 2048 2509 2091; x_wconf 84' lang='grc'><strong>1081,</strong></span> 
     </span>
     <span class='ocr_line' id='line_1_86' title="bbox 1567 2102 1937 2155; baseline 0.005 -16"><span class='ocrx_word' id='word_1_582' title='bbox 1567 2102 1725 2146; x_wconf 80' lang='grc' dir='ltr'>ὀτοτύζειν</span> <span class='ocrx_word' id='word_1_583' title='bbox 1743 2103 1780 2140; x_wconf 85' lang='grc' dir='ltr'>τὸ</span> <span class='ocrx_word' id='word_1_584' title='bbox 1798 2107 1937 2155; x_wconf 86' lang='grc' dir='ltr'>θρηνεῖν.</span> 
     </span>
    </p>

    <p class='ocr_par' dir='ltr' id='par_1_27' title="bbox 1568 2157 2506 2258">
     <span class='ocr_line' id='line_1_87' title="bbox 1623 2157 2506 2209; baseline -0.003 -16"><span class='ocrx_word' id='word_1_585' title='bbox 1623 2159 1712 2194; x_wconf 88' lang='grc'>1086</span> <span class='ocrx_word' id='word_1_586' title='bbox 1731 2158 1889 2207; x_wconf 76' lang='grc' dir='ltr'>θαυμάζει</span> <span class='ocrx_word' id='word_1_587' title='bbox 1916 2158 1978 2209; x_wconf 76' lang='grc' dir='ltr'>γὰρ</span> <span class='ocrx_word' id='word_1_588' title='bbox 2005 2157 2065 2203; x_wconf 72' lang='grc' dir='ltr'>τὴν</span> <span class='ocrx_word' id='word_1_589' title='bbox 2082 2158 2156 2208; x_wconf 79' lang='grc' dir='ltr'>ἠχὼ</span> <span class='ocrx_word' id='word_1_590' title='bbox 2184 2161 2202 2195; x_wconf 83' lang='grc' dir='ltr'><strong>ὁ</strong></span> <span class='ocrx_word' id='word_1_591' title='bbox 2231 2157 2417 2209; x_wconf 74' lang='grc' dir='ltr'>βάρὸαρος.</span> <span class='ocrx_word' id='word_1_592' title='bbox 2435 2159 2506 2193; x_wconf 77' lang='lat' dir='ltr'>Put.</span> 
     </span>
     <span class='ocr_line' id='line_1_88' title="bbox 1568 2211 2268 2258; baseline 0.004 -11"><span class='ocrx_word' id='word_1_593' title='bbox 1568 2213 1637 2255; x_wconf 88' lang='lat' dir='ltr'>Qui</span> <span class='ocrx_word' id='word_1_594' title='bbox 1655 2213 1699 2248; x_wconf 78' lang='lat' dir='ltr'>ad</span> <span class='ocrx_word' id='word_1_595' title='bbox 1713 2226 1745 2248; x_wconf 87' lang='lat' dir='ltr'>v.</span> <span class='ocrx_word' id='word_1_596' title='bbox 1770 2214 1860 2258; x_wconf 84' lang='lat'><strong>1087</strong></span> <span class='ocrx_word' id='word_1_597' title='bbox 1879 2213 1950 2250; x_wconf 72' lang='lat' dir='ltr'>civ-tl</span> <span class='ocrx_word' id='word_1_598' title='bbox 1964 2216 2019 2249; x_wconf 80' lang='grc' dir='ltr'>τοῦ</span> <span class='ocrx_word' id='word_1_599' title='bbox 2038 2211 2196 2253; x_wconf 79' lang='grc' dir='ltr'>κλαύσαις</span> <span class='ocrx_word' id='word_1_600' title='bbox 2212 2212 2268 2250; x_wconf 80' lang='grc' dir='ltr'>ἄν.</span> 
     </span>
    </p>

    <p class='ocr_par' dir='ltr' id='par_1_28' title="bbox 1570 2263 2509 2372">
     <span class='ocr_line' id='line_1_89' title="bbox 1624 2263 2509 2316; baseline -0.001 -14"><span class='ocrx_word' id='word_1_601' title='bbox 1624 2268 1713 2314; x_wconf 85' lang='grc'><strong>1096</strong></span> <span class='ocrx_word' id='word_1_602' title='bbox 1733 2271 1810 2304; x_wconf 83' lang='lat' dir='ltr'>Put.</span> <span class='ocrx_word' id='word_1_603' title='bbox 1825 2267 1882 2303; x_wconf 78' lang='grc' dir='ltr'>καὶ</span> <span class='ocrx_word' id='word_1_604' title='bbox 1900 2269 2037 2304; x_wconf 75' lang='grc' dir='ltr'>ἐνταῦθα</span> <span class='ocrx_word' id='word_1_605' title='bbox 2055 2268 2109 2316; x_wconf 90' lang='lat' dir='ltr'>(ut</span> <span class='ocrx_word' id='word_1_606' title='bbox 2130 2279 2242 2302; x_wconf 84' lang='lat' dir='ltr'>versu</span> <span class='ocrx_word' id='word_1_607' title='bbox 2267 2266 2380 2315; x_wconf 86' lang='lat'><strong>¹⁰⁰7)</strong></span> <span class='ocrx_word' id='word_1_608' title='bbox 2403 2263 2509 2315; x_wconf 73' lang='grc' dir='ltr'>βαρὸιι-</span> 
     </span>
     <span class='ocr_line' id='line_1_90' title="bbox 1570 2321 2302 2372; baseline 0.004 -16"><span class='ocrx_word' id='word_1_609' title='bbox 1570 2322 1662 2371; x_wconf 84' lang='grc' dir='ltr'>ρίζων</span> <span class='ocrx_word' id='word_1_610' title='bbox 1680 2323 1720 2370; x_wconf 79' lang='grc' dir='ltr'>τῇ</span> <span class='ocrx_word' id='word_1_611' title='bbox 1737 2322 1849 2370; x_wconf 82' lang='grc' dir='ltr'>δοτικῇ</span> <span class='ocrx_word' id='word_1_612' title='bbox 1867 2326 1987 2372; x_wconf 74' lang='grc' dir='ltr'>χρᾶται</span> <span class='ocrx_word' id='word_1_613' title='bbox 2005 2321 2077 2357; x_wconf 74' lang='grc' dir='ltr'>ἀντὶ</span> <span class='ocrx_word' id='word_1_614' title='bbox 2098 2322 2302 2365; x_wconf 72' lang='grc' dir='ltr'>αἰτιατικῆς.</span> 
     </span>
    </p>

    <p class='ocr_par' dir='ltr' id='par_1_29' title="bbox 1623 2374 2243 2424">
     <span class='ocr_line' id='line_1_91' title="bbox 1623 2374 2243 2424; baseline 0.002 -13"><span class='ocrx_word' id='word_1_615' title='bbox 1623 2388 1711 2422; x_wconf 90' lang='grc'><strong>1097</strong></span> <span class='ocrx_word' id='word_1_616' title='bbox 1731 2374 1802 2411; x_wconf 72' lang='grc' dir='ltr'>ἀντὶ</span> <span class='ocrx_word' id='word_1_617' title='bbox 1820 2380 1877 2412; x_wconf 76' lang='grc' dir='ltr'>τοῦ</span> <span class='ocrx_word' id='word_1_618' title='bbox 1894 2377 1995 2412; x_wconf 84' lang='grc' dir='ltr'>εἰπεῖν</span> <span class='ocrx_word' id='word_1_619' title='bbox 2013 2375 2144 2424; x_wconf 66' lang='grc' dir='ltr'>γύναιον</span> <span class='ocrx_word' id='word_1_620' title='bbox 2160 2379 2243 2413; x_wconf 88' lang='lat' dir='ltr'>Put.</span> 
     </span>
    </p>

    <p class='ocr_par' dir='ltr' id='par_1_30' title="bbox 1623 2429 2324 2480">
     <span class='ocr_line' id='line_1_92' title="bbox 1623 2429 2324 2480; baseline 0.003 -16"><span class='ocrx_word' id='word_1_621' title='bbox 1623 2430 1725 2476; x_wconf 75' lang='lat'><strong>1098,</strong></span> <span class='ocrx_word' id='word_1_622' title='bbox 1742 2431 1762 2465; x_wconf 85' lang='lat'>3</span> <span class='ocrx_word' id='word_1_623' title='bbox 1783 2430 1850 2466; x_wconf 83' lang='grc' dir='ltr'>ἐστὶ</span> <span class='ocrx_word' id='word_1_624' title='bbox 1871 2430 2022 2480; x_wconf 82' lang='grc' dir='ltr'>Περσέως</span> <span class='ocrx_word' id='word_1_625' title='bbox 2040 2429 2072 2472; x_wconf 80' lang='grc' dir='ltr'>ἐξ</span> <span class='ocrx_word' id='word_1_626' title='bbox 2092 2430 2324 2466; x_wconf 85' lang='lat' dir='ltr'>Fritzschius.</span> 
     </span>
    </p>

    <p class='ocr_par' dir='ltr' id='par_1_31' title="bbox 1625 2480 2506 2534">
     <span class='ocr_line' id='line_1_93' title="bbox 1625 2480 2506 2534; baseline 0.002 -16"><span class='ocrx_word' id='word_1_627' title='bbox 1625 2495 1713 2530; x_wconf 86' lang='lat'><strong>¹⁰99</strong></span> <span class='ocrx_word' id='word_1_628' title='bbox 1733 2486 1813 2520; x_wconf 74' lang='lat' dir='ltr'>rut.</span> <span class='ocrx_word' id='word_1_629' title='bbox 1837 2484 1964 2534; x_wconf 86' lang='grc' dir='ltr'>Περσέα</span> <span class='ocrx_word' id='word_1_630' title='bbox 1979 2483 2064 2534; x_wconf 83' lang='grc' dir='ltr'>ἔχειν</span> <span class='ocrx_word' id='word_1_631' title='bbox 2083 2485 2128 2524; x_wconf 77' lang='grc' dir='ltr'>εἰς</span> <span class='ocrx_word' id='word_1_632' title='bbox 2138 2482 2213 2525; x_wconf 70' lang='grc' dir='ltr'>τοὺς</span> <span class='ocrx_word' id='word_1_633' title='bbox 2224 2483 2333 2526; x_wconf 82' lang='grc' dir='ltr'>πόδας</span> <span class='ocrx_word' id='word_1_634' title='bbox 2348 2482 2394 2520; x_wconf 71' lang='grc' dir='ltr'>τὰ</span> <span class='ocrx_word' id='word_1_635' title='bbox 2404 2480 2506 2532; x_wconf 73' lang='grc' dir='ltr'>πτερᾶ</span> 
     </span>
    </p>

    <p class='ocr_par' dir='ltr' id='par_1_32' title="bbox 1569 2537 2506 2684">
     <span class='ocr_line' id='line_1_94' title="bbox 1625 2537 2505 2587; baseline 0 -15"><span class='ocrx_word' id='word_1_636' title='bbox 1625 2551 1633 2572; x_wconf 94' lang='grc'>1</span> <span class='ocrx_word' id='word_1_637' title='bbox 1648 2539 1725 2581; x_wconf 82' lang='grc'><strong>103,</strong></span> <span class='ocrx_word' id='word_1_638' title='bbox 1745 2550 1763 2583; x_wconf 87' lang='grc'><strong>7</strong></span> <span class='ocrx_word' id='word_1_639' title='bbox 1782 2537 1814 2573; x_wconf 89' lang='grc' dir='ltr'>τί</span> <span class='ocrx_word' id='word_1_640' title='bbox 1830 2537 1933 2587; x_wconf 86' lang='grc' dir='ltr'>λέγεις</span> <span class='ocrx_word' id='word_1_641' title='bbox 1950 2543 2027 2575; x_wconf 84' lang='lat' dir='ltr'>Put.</span> <span class='ocrx_word' id='word_1_642' title='bbox 2048 2547 2154 2575; x_wconf 84' lang='lat' dir='ltr'>recte.</span> <span class='ocrx_word' id='word_1_643' title='bbox 2168 2539 2276 2575; x_wconf 88' lang='lat' dir='ltr'>Prius</span> <span class='ocrx_word' id='word_1_644' title='bbox 2292 2542 2353 2575; x_wconf 77' lang='grc' dir='ltr'>τοῦ</span> <span class='ocrx_word' id='word_1_645' title='bbox 2374 2538 2505 2575; x_wconf 85' lang='lat' dir='ltr'>omittit.</span> 
     </span>
     <span class='ocr_line' id='line_1_95' title="bbox 1569 2590 2506 2643; baseline 0.001 -15"><span class='ocrx_word' id='word_1_646' title='bbox 1569 2594 1691 2643; x_wconf 80' lang='grc' dir='ltr'>Γοργοῦ</span> <span class='ocrx_word' id='word_1_647' title='bbox 1713 2599 1748 2627; x_wconf 85' lang='lat' dir='ltr'>et</span> <span class='ocrx_word' id='word_1_648' title='bbox 1764 2605 1787 2639; x_wconf 89' lang='lat'><strong>9</strong></span> <span class='ocrx_word' id='word_1_649' title='bbox 1809 2593 1929 2643; x_wconf 80' lang='grc' dir='ltr'>Γοργὸς</span> <span class='ocrx_word' id='word_1_650' title='bbox 1955 2593 2062 2630; x_wconf 85' lang='lat' dir='ltr'>idem.</span> <span class='ocrx_word' id='word_1_651' title='bbox 2076 2616 2114 2624; x_wconf 88' lang='lat'><em>-</em></span> <span class='ocrx_word' id='word_1_652' title='bbox 2132 2594 2155 2629; x_wconf 88' lang='grc'><strong>8</strong></span> <span class='ocrx_word' id='word_1_653' title='bbox 2177 2593 2278 2629; x_wconf 90' lang='lat' dir='ltr'>idem</span> <span class='ocrx_word' id='word_1_654' title='bbox 2302 2590 2506 2643; x_wconf 74' lang='grc' dir='ltr'>γραμματέως</span> 
     </span>
     <span class='ocr_line' id='line_1_96' title="bbox 1570 2656 1676 2684; baseline -0.019 0"><span class='ocrx_word' id='word_1_655' title='bbox 1570 2656 1676 2684; x_wconf 77' lang='lat' dir='ltr'>recte.</span> 
     </span>
    </p>

    <p class='ocr_par' dir='ltr' id='par_1_33' title="bbox 1569 2701 2505 2796">
     <span class='ocr_line' id='line_1_97' title="bbox 1623 2701 2505 2755; baseline -0.002 -16"><span class='ocrx_word' id='word_1_656' title='bbox 1623 2716 1732 2751; x_wconf 77' lang='lat'>¹¹¹9,</span> <span class='ocrx_word' id='word_1_657' title='bbox 1760 2717 1800 2748; x_wconf 91' lang='grc'>17</span> <span class='ocrx_word' id='word_1_658' title='bbox 1820 2703 1857 2739; x_wconf 82' lang='grc' dir='ltr'>τὸ</span> <span class='ocrx_word' id='word_1_659' title='bbox 1877 2705 2004 2755; x_wconf 80' lang='grc' dir='ltr'>νῶτον,</span> <span class='ocrx_word' id='word_1_660' title='bbox 2028 2704 2070 2739; x_wconf 91' lang='grc'>18</span> <span class='ocrx_word' id='word_1_661' title='bbox 2096 2701 2275 2752; x_wconf 81' lang='grc' dir='ltr'>ἀγαγόντι,</span> <span class='ocrx_word' id='word_1_662' title='bbox 2309 2716 2353 2750; x_wconf 85' lang='grc'>19</span> <span class='ocrx_word' id='word_1_663' title='bbox 2373 2703 2505 2753; x_wconf 73' lang='grc' dir='ltr'>περάνειν</span> 
     </span>
     <span class='ocr_line' id='line_1_98' title="bbox 1569 2760 1648 2796; baseline -0.025 0"><span class='ocrx_word' id='word_1_664' title='bbox 1569 2760 1648 2796; x_wconf 87' lang='lat' dir='ltr'>Put.</span> 
     </span>
    </p>

    <p class='ocr_par' dir='ltr' id='par_1_34' title="bbox 1568 2807 2508 3287">
     <span class='ocr_line' id='line_1_99' title="bbox 1624 2807 2505 2864; baseline -0.001 -15"><span class='ocrx_word' id='word_1_665' title='bbox 1624 2828 1635 2849; x_wconf 92' lang='grc'>1</span> <span class='ocrx_word' id='word_1_666' title='bbox 1648 2813 1728 2859; x_wconf 79' lang='grc'><strong>175,</strong></span> <span class='ocrx_word' id='word_1_667' title='bbox 1749 2815 1794 2849; x_wconf 87' lang='grc' dir='ltr'>3ο</span> <span class='ocrx_word' id='word_1_668' title='bbox 1815 2812 1978 2863; x_wconf 77' lang='grc' dir='ltr'>βάρὸαρον</span> <span class='ocrx_word' id='word_1_669' title='bbox 1996 2812 2050 2849; x_wconf 71' lang='grc' dir='ltr'>καὶ</span> <span class='ocrx_word' id='word_1_670' title='bbox 2067 2810 2202 2862; x_wconf 78' lang='grc' dir='ltr'>φυσικὸν</span> <span class='ocrx_word' id='word_1_671' title='bbox 2218 2807 2330 2864; x_wconf 65' lang='grc' dir='ltr'>ᾆσμα.</span> <span class='ocrx_word' id='word_1_672' title='bbox 2353 2813 2412 2849; x_wconf 78' lang='grc' dir='ltr'>καὶ</span> <span class='ocrx_word' id='word_1_673' title='bbox 2434 2813 2505 2860; x_wconf 53' lang='grc' dir='ltr'>Περ·</span> 
     </span>
     <span class='ocr_line' id='line_1_100' title="bbox 1569 2867 2506 2919; baseline -0.002 -15"><span class='ocrx_word' id='word_1_674' title='bbox 1569 2867 1659 2904; x_wconf 86' lang='grc' dir='ltr'>σικὸν</span> <span class='ocrx_word' id='word_1_675' title='bbox 1676 2868 1749 2919; x_wconf 84' lang='grc' dir='ltr'>ὅρχ.</span> <span class='ocrx_word' id='word_1_676' title='bbox 1768 2869 1897 2904; x_wconf 80' lang='lat' dir='ltr'>Suidas</span> <span class='ocrx_word' id='word_1_677' title='bbox 1912 2881 1939 2903; x_wconf 81' lang='lat' dir='ltr'>s.</span> <span class='ocrx_word' id='word_1_678' title='bbox 1951 2867 2120 2918; x_wconf 83' lang='grc' dir='ltr'>Τερηδών,</span> <span class='ocrx_word' id='word_1_679' title='bbox 2135 2868 2279 2916; x_wconf 81' lang='lat' dir='ltr'>reliqua</span> <span class='ocrx_word' id='word_1_680' title='bbox 2297 2868 2429 2904; x_wconf 86' lang='lat' dir='ltr'>scholii</span> <span class='ocrx_word' id='word_1_681' title='bbox 2444 2878 2506 2915; x_wconf 73' lang='lat' dir='ltr'>par·</span> 
     </span>
     <span class='ocr_line' id='line_1_101' title="bbox 1571 2921 2508 2972; baseline 0 -14"><span class='ocrx_word' id='word_1_682' title='bbox 1571 2931 1604 2958; x_wconf 88' lang='lat' dir='ltr'>te</span> <span class='ocrx_word' id='word_1_683' title='bbox 1624 2924 1765 2959; x_wconf 76' lang='lat' dir='ltr'>omissa.</span> <span class='ocrx_word' id='word_1_684' title='bbox 1792 2922 1913 2958; x_wconf 88' lang='lat' dir='ltr'>Codex</span> <span class='ocrx_word' id='word_1_685' title='bbox 1940 2925 2028 2959; x_wconf 82' lang='lat' dir='ltr'>Rav.</span> <span class='ocrx_word' id='word_1_686' title='bbox 2052 2922 2107 2958; x_wconf 81' lang='grc' dir='ltr'>καὶ</span> <span class='ocrx_word' id='word_1_687' title='bbox 2135 2922 2303 2972; x_wconf 76' lang='grc' dir='ltr'>Περσικὸν</span> <span class='ocrx_word' id='word_1_688' title='bbox 2326 2921 2369 2958; x_wconf 77' lang='grc' dir='ltr'>τὸ</span> <span class='ocrx_word' id='word_1_689' title='bbox 2395 2921 2508 2967; x_wconf 55' lang='lat' dir='ltr'>fidens</span> 
     </span>
     <span class='ocr_line' id='line_1_102' title="bbox 1568 2975 2507 3026; baseline 0.001 -14"><span class='ocrx_word' id='word_1_690' title='bbox 1568 2977 1716 3013; x_wconf 84' lang='grc' dir='ltr'>καλεῖται</span> <span class='ocrx_word' id='word_1_691' title='bbox 1735 2976 1789 3012; x_wconf 75' lang='grc' dir='ltr'>καὶ</span> <span class='ocrx_word' id='word_1_692' title='bbox 1805 2976 1842 3013; x_wconf 80' lang='grc' dir='ltr'>τὸ</span> <span class='ocrx_word' id='word_1_693' title='bbox 1860 2975 2017 3026; x_wconf 79' lang='grc' dir='ltr'>Περσικὸν</span> <span class='ocrx_word' id='word_1_694' title='bbox 2033 2976 2179 3026; x_wconf 83' lang='grc' dir='ltr'>ὄρχημα.</span> <span class='ocrx_word' id='word_1_695' title='bbox 2197 2979 2255 3013; x_wconf 86' lang='lat' dir='ltr'>De</span> <span class='ocrx_word' id='word_1_696' title='bbox 2269 2990 2353 3013; x_wconf 83' lang='lat' dir='ltr'>voc.</span> <span class='ocrx_word' id='word_1_697' title='bbox 2373 2976 2507 3023; x_wconf 66' lang='grc' dir='ltr'>ὅκλασμα</span> 
     </span>
     <span class='ocr_line' id='line_1_103' title="bbox 1569 3029 2507 3079; baseline -0.002 -12"><span class='ocrx_word' id='word_1_698' title='bbox 1569 3032 1661 3067; x_wconf 79' lang='lat' dir='ltr'>conf.</span> <span class='ocrx_word' id='word_1_699' title='bbox 1679 3031 1817 3068; x_wconf 84' lang='lat' dir='ltr'>Polluc.</span> <span class='ocrx_word' id='word_1_700' title='bbox 1838 3037 1878 3075; x_wconf 88' lang='grc'>4,</span> <span class='ocrx_word' id='word_1_701' title='bbox 1903 3044 1981 3075; x_wconf 83' lang='grc'><strong>100,</strong></span> <span class='ocrx_word' id='word_1_702' title='bbox 2002 3031 2046 3066; x_wconf 92' lang='lat' dir='ltr'>de</span> <span class='ocrx_word' id='word_1_703' title='bbox 2067 3043 2139 3079; x_wconf 86' lang='lat' dir='ltr'>quo</span> <span class='ocrx_word' id='word_1_704' title='bbox 2166 3031 2249 3067; x_wconf 90' lang='lat' dir='ltr'>loco</span> <span class='ocrx_word' id='word_1_705' title='bbox 2275 3032 2354 3068; x_wconf 84' lang='lat' dir='ltr'>dixi</span> <span class='ocrx_word' id='word_1_706' title='bbox 2381 3031 2424 3067; x_wconf 85' lang='lat' dir='ltr'>ad</span> <span class='ocrx_word' id='word_1_707' title='bbox 2441 3029 2507 3067; x_wconf 79' lang='lat' dir='ltr'>Ari·</span> 
     </span>
     <span class='ocr_line' id='line_1_104' title="bbox 1568 3083 2508 3133; baseline -0.001 -12"><span class='ocrx_word' id='word_1_708' title='bbox 1568 3086 1686 3133; x_wconf 76' lang='lat' dir='ltr'>stopli.</span> <span class='ocrx_word' id='word_1_709' title='bbox 1717 3086 1838 3133; x_wconf 81' lang='lat' dir='ltr'>fragm.</span> <span class='ocrx_word' id='word_1_710' title='bbox 1867 3087 1951 3121; x_wconf 76' lang='lat'>32¹.</span> <span class='ocrx_word' id='word_1_711' title='bbox 1979 3089 2090 3121; x_wconf 78' lang='lat' dir='ltr'>Dum.</span> <span class='ocrx_word' id='word_1_712' title='bbox 2118 3088 2144 3121; x_wconf 90' lang='lat' dir='ltr'>F</span> <span class='ocrx_word' id='word_1_713' title='bbox 2147 3086 2346 3122; x_wconf 79' lang='lat' dir='ltr'>ritzschius</span> <span class='ocrx_word' id='word_1_714' title='bbox 2373 3083 2508 3122; x_wconf 69' lang='lat' dir='ltr'>malebat</span> 
     </span>
     <span class='ocr_line' id='line_1_105' title="bbox 1570 3137 2508 3190; baseline 0 -15"><span class='ocrx_word' id='word_1_715' title='bbox 1570 3140 1765 3190; x_wconf 66' lang='grc' dir='ltr'>βαρὸαρικὸν</span> <span class='ocrx_word' id='word_1_716' title='bbox 1780 3140 1834 3175; x_wconf 82' lang='grc' dir='ltr'>καὶ</span> <span class='ocrx_word' id='word_1_717' title='bbox 1851 3140 2013 3190; x_wconf 84' lang='grc' dir='ltr'>Περσικὸν</span> <span class='ocrx_word' id='word_1_718' title='bbox 2028 3140 2065 3175; x_wconf 81' lang='grc' dir='ltr'>τὸ</span> <span class='ocrx_word' id='word_1_719' title='bbox 2086 3138 2245 3187; x_wconf 79' lang='grc' dir='ltr'>ὄκλασμα</span> <span class='ocrx_word' id='word_1_720' title='bbox 2271 3141 2444 3185; x_wconf 81' lang='grc' dir='ltr'>καλεῖται,</span> <span class='ocrx_word' id='word_1_721' title='bbox 2466 3137 2508 3175; x_wconf 70' lang='lat' dir='ltr'>ml</span> 
     </span>
     <span class='ocr_line' id='line_1_106' title="bbox 1569 3194 2508 3246; baseline -0.003 -15"><span class='ocrx_word' id='word_1_722' title='bbox 1569 3194 1637 3231; x_wconf 83' lang='grc' dir='ltr'>ἔστι</span> <span class='ocrx_word' id='word_1_723' title='bbox 1659 3195 1820 3245; x_wconf 78' lang='grc' dir='ltr'>Περσικὸν</span> <span class='ocrx_word' id='word_1_724' title='bbox 1846 3194 1991 3245; x_wconf 77' lang='grc' dir='ltr'>ὅρχημα.</span> <span class='ocrx_word' id='word_1_725' title='bbox 2008 3218 2043 3224; x_wconf 87' lang='grc'>-</span> <span class='ocrx_word' id='word_1_726' title='bbox 2060 3197 2104 3229; x_wconf 77' lang='lat'>32</span> <span class='ocrx_word' id='word_1_727' title='bbox 2131 3197 2192 3239; x_wconf 75' lang='grc' dir='ltr'>τῆς</span> <span class='ocrx_word' id='word_1_728' title='bbox 2217 3196 2374 3246; x_wconf 77' lang='grc' dir='ltr'>ἰατρικῆς</span> <span class='ocrx_word' id='word_1_729' title='bbox 2400 3195 2508 3231; x_wconf 82' lang='lat' dir='ltr'>codex.</span> 
     </span>
     <span class='ocr_line' id='line_1_107' title="bbox 1568 3251 2009 3287; baseline 0 -1"><span class='ocrx_word' id='word_1_730' title='bbox 1568 3252 1775 3287; x_wconf 76' lang='lat' dir='ltr'>Emendavit</span> <span class='ocrx_word' id='word_1_731' title='bbox 1793 3251 2009 3286; x_wconf 82' lang='lat' dir='ltr'>Diudorlius.</span> 
     </span>
    </p>

    <p class='ocr_par' dir='ltr' id='par_1_35' title="bbox 1567 3305 2508 3412">
     <span class='ocr_line' id='line_1_108' title="bbox 1623 3305 2508 3360; baseline 0 -18"><span class='ocrx_word' id='word_1_732' title='bbox 1623 3308 1713 3342; x_wconf 89' lang='grc'><strong>1185</strong></span> <span class='ocrx_word' id='word_1_733' title='bbox 1732 3310 1810 3343; x_wconf 87' lang='lat' dir='ltr'>Put.</span> <span class='ocrx_word' id='word_1_734' title='bbox 1836 3306 1906 3343; x_wconf 81' lang='grc' dir='ltr'>ἀντὶ</span> <span class='ocrx_word' id='word_1_735' title='bbox 1926 3310 1983 3343; x_wconf 80' lang='grc' dir='ltr'>τοῦ</span> <span class='ocrx_word' id='word_1_736' title='bbox 2005 3308 2106 3343; x_wconf 83' lang='grc' dir='ltr'>εἰπεῖν</span> <span class='ocrx_word' id='word_1_737' title='bbox 2124 3306 2216 3355; x_wconf 83' lang='grc' dir='ltr'>οἴμοι</span> <span class='ocrx_word' id='word_1_738' title='bbox 2240 3310 2288 3350; x_wconf 84' lang='grc' dir='ltr'>ὣς</span> <span class='ocrx_word' id='word_1_739' title='bbox 2308 3309 2399 3360; x_wconf 55' lang='lat' dir='ltr'>§aaa</span> <span class='ocrx_word' id='word_1_740' title='bbox 2417 3305 2508 3358; x_wconf 69' lang='lat' dir='ltr'>(sie).</span> 
     </span>
     <span class='ocr_line' id='line_1_109' title="bbox 1567 3360 2094 3412; baseline -0.002 -14"><span class='ocrx_word' id='word_1_741' title='bbox 1567 3361 1605 3398; x_wconf 80' lang='grc' dir='ltr'>τὸ</span> <span class='ocrx_word' id='word_1_742' title='bbox 1621 3361 1738 3398; x_wconf 80' lang='grc' dir='ltr'>τιτθίον</span> <span class='ocrx_word' id='word_1_743' title='bbox 1760 3360 1793 3398; x_wconf 88' lang='grc' dir='ltr'>δὲ</span> <span class='ocrx_word' id='word_1_744' title='bbox 1814 3360 1923 3412; x_wconf 78' lang='grc' dir='ltr'>ὥσπερ</span> <span class='ocrx_word' id='word_1_745' title='bbox 1941 3360 2094 3411; x_wconf 79' lang='grc' dir='ltr'>γογγύλη.</span> 
     </span>
    </p>

    <p class='ocr_par' dir='ltr' id='par_1_36' title="bbox 1623 3415 2159 3465">
     <span class='ocr_line' id='line_1_110' title="bbox 1623 3415 2159 3465; baseline 0.006 -14"><span class='ocrx_word' id='word_1_746' title='bbox 1623 3428 1714 3464; x_wconf 88' lang='grc'><strong>1190</strong></span> <span class='ocrx_word' id='word_1_747' title='bbox 1728 3419 1809 3455; x_wconf 82' lang='lat' dir='ltr'>Put.</span> <span class='ocrx_word' id='word_1_748' title='bbox 1830 3424 1924 3453; x_wconf 79' lang='lat' dir='ltr'>recte</span> <span class='ocrx_word' id='word_1_749' title='bbox 1942 3417 1979 3453; x_wconf 82' lang='grc' dir='ltr'>οὗ</span> <span class='ocrx_word' id='word_1_750' title='bbox 2000 3415 2159 3465; x_wconf 55' lang='grc' dir='ltr'>φιῐήσεις.</span> 
     </span>
    </p>
   </div>
  </div>
 </body>
</html>
