2931 4012
496 432 558 464 144

491 510 526 544 ἐκ
543 509 600 543 τοῦ
611 504 718 555 ὀρνέου
735 504 792 546 τῆς
802 500 928 545 κίττης,
944 499 1022 548 ὅπερ
1037 499 1272 545 ἐπιθυμητικῶς
1292 495 1366 545 ἔχον
1378 496 1442 530 τῶν

1195 415 1424 453 SCHOLlA
1459 415 1509 450 ΙΝ
1538 414 1750 452 VESPAS.

1549 506 1607 530 370.
1636 495 1754 543 (ἔπαγε
1771 495 1830 540 τὴν
1847 496 1986 545 γνάθον;
2012 498 2095 536 ’Λντὶ
2116 503 2172 537 τοῦ
2190 501 2267 538 δάκε
2289 505 2328 548 τῆ
2351 504 2459 555 γνάθῳ

491 559 674 610 ἀκροδρύων
685 556 808 607 ταχέως
826 554 1083 604 δυσαρεστεῖται,
1100 553 1131 593 ἐξ
1158 546 1201 587 ὧν
1220 551 1247 587 δ’
1269 550 1308 586 ἂν
1332 548 1445 592 ἐσθίοι,
1500 547 1536 583 τὸ
1552 548 1688 585 δίκτυον.
1745 551 1809 592 τοῖς
1821 551 1957 594 δικτύοις
1968 552 2069 603 ἔπαγε
2080 554 2138 599 τὴν
2153 555 2268 604 γνάθον
2280 558 2337 593 καὶ
2349 559 2457 595 διάκο-

479 616 545 652 -καὶ
562 615 659 650 πάλιν
680 611 794 662 ἑτέρων
814 611 980 657 ἐπιθυμεῖ,
1006 607 1060 644 καὶ
1085 605 1279 654 μεταὸάσεις
1307 606 1446 640 ποιεῖται
1500 603 1559 651 ψον
1578 603 1689 652 αὐτά.)

491 670 533 710 εἶς
542 668 676 704 ἕκαστον
691 669 752 702 τῶν
773 665 919 714 δένδρων.

458 735 474 757 5
540 721 593 758 διὰ
601 724 664 757 τῶν
683 720 818 757 σανίδων
844 731 852 756 :
874 720 951 755 Τῶν
974 715 1160 766 δρυφάκτων
1186 716 1249 750 τῶν
1270 713 1446 749 ταὸλωτῶν

424 811 427 814 ,
489 781 545 814 τοῦ
562 773 781 824 δικαστηρίου,
802 771 855 808 ἵνα
872 772 951 820 λέγῃ
970 770 1116 817 ἐπιθυμῶ
1136 770 1169 804 ἐν
1184 770 1231 818 τῷ
1250 766 1448 817 δικαστηρίῳ

491 832 602 867 ἐλθεῖν.
622 829 643 874 ἢ
660 829 795 866 σανίδων
813 826 892 878 φησὶ
915 827 979 860 τῶν
996 825 1212 874 περιεχουσῶν
1242 821 1284 858 τὰ
1303 821 1446 869 ὀνόματα

490 887 553 921 τῶν
571 881 852 932 εἷσαχθησομένων
867 881 910 920 εἷς
926 878 963 914 τὸ
983 877 1200 927 δικαστήριον,
1228 879 1319 912 ποῖον
1342 875 1448 919 δεήσει

490 941 616 988 πρῶτον
632 939 820 986 εἰσαχθῆναι
838 934 892 971 καὶ
907 931 991 969 κατὰ
1008 931 1122 979 τάξιν.)

540 1005 598 1029 ³51.
626 991 674 1027 ὅτι
691 991 728 1027 τὸ
740 988 917 1025 παλλάδιον
934 987 973 1022 δι’
988 985 1160 1036 ὑδρορρόας
1171 986 1315 1028 εἰσῆλθον
1330 985 1358 1020 οἱ
1373 981 1448 1033 περὶ

490 1047 544 1083 τὸν
561 1044 735 1084 Ὀδυσσέα.
753 1051 787 1079 R.

539 1113 598 1136 352.
626 1098 691 1135 οὐδ’
715 1100 742 1133 εἷ
761 1097 869 1147 σέρφῳ
885 1108 893 1132 :
912 1095 1002 1143 (⁶012
1023 1095 1057 1130 ἐν
1076 1092 1205 1144 Ὄρνισι
1228 1094 1287 1142 [82]
1309 1090 1391 1133 τινὲς
1412 1090 1449 1127 τὸ

491 1173 506 1188 α
522 1155 605 1191 εὕδει
633 1150 828 1202 καταφαγὼν
849 1149 954 1200 μύρτα
974 1149 1030 1185 καὶ
1057 1147 1191 1199 σέρφους
1221 1165 1235 1179 υ
1263 1147 1449 1193 ἐξηγοῦνται

491 1209 613 1260 καρπὸν
630 1208 683 1244 τὸν
701 1206 828 1256 σέρφον.
843 1204 910 1241 ἔστι
923 1204 957 1240 δὲ
972 1202 1111 1254 θηρίδιόν
1128 1217 1159 1239 τι
1174 1201 1297 1252 μικρόν.
1316 1200 1450 1251 Κράτης

445 1277 476 1300 ¹5
490 1263 524 1301 δὲ
544 1263 699 1312 μύρμηκα
712 1260 790 1312 φησὶ
799 1260 853 1296 τὸν
863 1259 989 1309 σέρφον.
1002 1260 1031 1295 οῖ
1046 1257 1079 1294 δὲ
1092 1253 1227 1307 ζωύφιον
1239 1255 1449 1299 κωνωπῶδες,

490 1318 544 1368 ἀφ’
559 1312 594 1353 οὗ
611 1320 632 1360 ἡ
650 1314 807 1366 παροιμία

445 1002 474 1026 10

604 1403 694 1434 ἔνεστι
707 1402 762 1431 κάν
771 1401 895 1440 μύρμηκι
904 1399 959 1429 κάν
973 1399 1068 1437 σέρφῳ
1079 1398 1163 1437 χολή-

489 1481 705 1530 παρεγγυῶσα
719 1475 801 1525 μηδὲ
810 1478 873 1512 τῶν
884 1477 1005 1525 μικρῶν
1018 1475 1251 1524 καταφρονεῖν.)
1266 1496 1307 1500 -
1317 1472 1426 1523 σέρφῳ
1439 1485 1449 1509 :

490 1532 648 1583 παροιμία
664 1548 678 1563 ‹-
694 1530 767 1566 οὐδὲ
787 1529 932 1580 μύρμηκι
950 1528 1019 1569 ὁδός
1031 1530 1111 1566 ἐστι.
1131 1546 1147 1561 υ
1161 1537 1199 1566 R.

442 1604 474 1628 πο
540 1600 599 1624 353.
629 1585 735 1634 (ὀπίαν
750 1585 777 1620 δ’
794 1585 851 1620 οὐκ
874 1582 943 1619 ἔστι
962 1595 970 1620 :
996 1581 1096 1631 Παρὰ
1109 1581 1167 1626 τὴν
1186 1582 1268 1626 ὀπὴν
1283 1581 1320 1617 τὸ
1335 1581 1449 1629 ὄνομα.

446 1670 448 1673 -
491 1642 547 1678 καὶ
566 1640 660 1691 τυρὸν
676 1637 710 1676 δὲ
720 1637 849 1687 λέγουσι
864 1637 960 1674 ὀπίαν
977 1635 1031 1672 τὸν
1049 1639 1095 1686 τῷ
1109 1637 1179 1686 ὀπῷ
1191 1639 1248 1681 τῆς
1265 1638 1366 1680 συκῆς
1380 1650 1450 1679 πη-

489 1695 670 1746 γνύμενον.)

540 1762 599 1788 354.
626 1748 805 1798 (μέμνησαι
814 1746 905 1793 δῆθ’;
926 1745 1187 1790 Ὑποιιιανήσκει
1202 1745 1297 1782 αὗτὸν
1310 1746 1452 1788 παλαιᾶς

491 1803 635 1856 πράξεως
653 1802 804 1851 τόλμαν.)

540 1872 599 1896 355.
619 1857 682 1906 (ὅτε
697 1856 803 1899 Νάξος
817 1856 903 1892 ἑάλω
916 1869 924 1893 :
936 1854 1006 1900 Τὴν
1020 1855 1125 1897 Νάξον
1140 1853 1348 1905 ἐπιτετήρηκε
1373 1855 1453 1905 πρὸς

491 1913 544 1951 τὸν
557 1913 702 1963 γέροντα.
727 1911 814 1947 ἑάλω
827 1910 891 1961 γὰρ
904 1909 959 1946 ἐπὶ
975 1907 1224 1959 Πεισιστράτου.
1243 1913 1300 1946 τοῦ
1316 1910 1348 1946 δὲ
1365 1910 1452 1946 ἑάλω

491 1967 667 2005 ἐκτείνουσι
680 1965 716 2003 τὸ
734 1980 755 2001 α
770 1964 924 2008 συνήθως.
945 1962 1012 1999 ἔστι
1041 1962 1075 1999 δὲ
1102 1962 1162 2011 μία
1183 1966 1246 1999 τῶν
1272 1964 1451 2001 Κυκλάδων

490 2022 609 2070 νῆσος.)

541 2088 601 2114 357.
628 2073 832 2124 ἰσχυρότερος
852 2072 993 2122 (ἰσχυρὸς
1008 2073 1058 2119 6.)
1079 2069 1266 2121 ἐτύγχανον.
1288 2084 1326 2113 v.

540 2143 600 2168 τισι.
627 2130 880 2177 ’σκοπιωροῦνται
903 2139 913 2164 z
941 2125 1186 2165 Κατοπτεύουσι
1217 2125 1273 2161 καὶ
1299 2140 1449 2176 παραφυ-

491 2185 671 2222 λάττουσιν.
692 2180 893 2231 (Ἕρμιππος
910 2180 943 2217 δὲ
960 2180 1016 2217 καὶ
1030 2180 1082 2216 ἐπὶ
1103 2183 1160 2215 τοῦ
1176 2178 1241 2215 ἀπὸ
1256 2181 1312 2223 τῆς
1329 2183 1451 2225 σκοπῆς

492 2242 554 2275 θεω
574 2240 631 2274 εῖν.

540 2253 601 2331 3ιρκ.
628 2238 733 2341 ἔχοντ’
746 2288 932 2330 ὀὸελίσκους
953 2302 961 2326 :
978 2288 1027 2325 Τὸ
1044 2290 1164 2337 πλῆρες
1176 2287 1305 2337 ἔχοντε,
1321 2288 1447 2330 δυῖκῶς.

491 2348 548 2384 δύο
563 2346 626 2397 γάρ
649 2347 728 2382 εἰσιν
750 2345 780 2380 οἱ
800 2343 941 2392 [ἔχοντες
963 2342 1148 2383 ὀὸελίσκους
1170 2342 1240 2387 καὶ]
1264 2345 1446 2392 τηροῦντες.

442 2414 474 2438 35
490 2409 527 2439 V.
541 2406 620 2438 Vict.

539 2468 598 2493 ³⁶5.
645 2455 731 2491 ἀλλὰ
743 2459 798 2492 νῦν
815 2453 962 2504 ἐκπόριζε
977 2465 985 2489 :
1002 2451 1045 2489 ‘H
1054 2451 1213 2501 ἀμοιὸαία
1231 2451 1312 2496 αὕτη
1327 2452 1448 2502 στροφὴ

489 2509 590 2547 ἔοικεν
606 2525 620 2546 ε
634 2525 686 2546 ναι
704 2508 897 2560 ἀντιστροφὴ
907 2510 964 2552 τῆς
982 2506 1050 2543 ἄνω
1066 2506 1213 2557 ῥηθείοης
1224 2506 1336 2554 ὁμοίας
1352 2521 1449 2557 στρο-

490 2567 567 2613 φῆς,
585 2564 656 2600 ἀλλ’
677 2563 762 2600 ἔστιν
786 2563 928 2608 ἐλλιπής.
951 2561 1071 2610 στίχων
1093 2561 1156 2612 γάρ
1177 2563 1244 2597 ἐστι
1262 2561 1318 2597 καὶ
1336 2561 1450 2598 κώλων

489 2618 592 2663 ὀκτὼ,
612 2612 657 2654 ὧν
672 2617 710 2654 τὸ
724 2621 852 2668 πρῶτον
868 2616 1041 2668 τροχαῖκὸν
1062 2615 1277 2666 τετράμετρον
1303 2617 1449 2660 καταλη-

440 2685 473 2709 ⁴0
490 2672 610 2709 κτικόν.
639 2671 675 2708 τὸ
694 2671 725 2721 β’
744 2671 896 2721 ἶαμὸικὸν
919 2670 1066 2720 δίμετρον
1087 2668 1311 2714 ἀκατάληκτον
1329 2670 1385 2706 καὶ
1412 2671 1450 2707 τὸ

489 2725 531 2767 ς’.
548 2725 590 2762 τὰ
608 2725 634 2761 δ’
656 2725 740 2761 ἄλλα
754 2725 850 2773 ὅμοια
865 2727 911 2774 τῷ
928 2724 1060 2773 πρώτῳ.
1073 2722 1129 2759 ἐπὶ
1137 2724 1183 2771 τῷ
1192 2722 1275 2758 τέλει
1286 2724 1448 2773 κορωνίς]

537 2791 606 2830 366..
626 2777 766 2829 (ἔωςγὰρ
780 2772 807 2815 ὦ
822 2777 981 2827 μελίττιον
997 2790 1006 2814 :
1022 2776 1162 2827 Ὄρθρος
1177 2774 1257 2825 γὰρ,
1270 2769 1298 2812 ὦ
1312 2790 1449 2827 προσφι-

490 2831 643 2869 λέστατον
660 2831 831 2879 μελίττιον.
849 2832 982 2875 δηλοῦσι
998 2828 1061 2879 γὰρ
1078 2828 1127 2865 ὅτι
1146 2827 1254 2876 ἡμέρα
1272 2827 1431 2879 γέγονεν.)

539 2884 598 2926 ἕως
620 2897 629 2923 :
644 2883 736 2926 Ἕως
748 2884 858 2934 ὄρθρος
870 2883 994 2933 ἡμέρα,
1011 2882 1077 2919 ἀπὸ
1092 2885 1149 2918 τοῦ
1166 2881 1226 2922 ἕως
1242 2881 1344 2931 ταύτῃ
1362 2886 1450 2930 ἡμᾶς

445 2959 474 2984 -25
492 2940 777 2983 κατακεκλεῖσθαι,
794 2938 815 2982 ἣ
835 2936 887 2974 διὰ
903 2936 941 2974 τὸ
955 2936 1061 2973 ἵεσθαι
1076 2937 1109 2971 ἐν
1124 2937 1220 2985 αὐτῇ.
1244 2943 1320 2972 Vict.

539 3006 599 3031 ³08.
624 2993 662 3042 (ἢ
679 2992 714 3029 δέ
726 3006 782 3041 μοι
794 2990 951 3028 Δίκτυννα
968 3004 977 3027 :
994 2990 1082 3040 Πρὸς
1096 2989 1154 3034 τὴν
1172 2988 1324 3039 Ἄρτεμιν
1338 2993 1449 3036 τοῦτο,

492 3047 602 3092 ἐπειδὴ
620 3046 766 3097 ἀγρευτὶς
778 3040 829 3090 ἦν.
845 3044 936 3095 παρὰ
953 3044 986 3081 δὲ
1004 3044 1041 3080 τὸ
1057 3044 1158 3092 ὄνομα
1172 3043 1340 3091 γελοιάζει.
1359 3044 1449 3094 παρὰ

491 3102 605 3154 γὰρτὸ
628 3101 753 3139 δίκτυον
771 3099 915 3148 ἐπήγαγε
934 3098 972 3135 τὸ
988 3097 1166 3136 Δίκτυνναν
1185 3096 1339 3148 Ἄρτεμιν
1356 3097 1449 3135 ἵλαον

493 3157 631 3194 ἔσεσθαι.

445 3230 476 3251 .·.ο
541 3223 602 3248 3ου.
634 3158 772 3259 ()ἄνοντος
789 3222 798 3246 :
816 3207 900 3245 Ἀντὶ
911 3211 967 3244 τοῦ
982 3206 1129 3248 ἀνύοντος
1146 3206 1187 3242 τὰ
1199 3209 1279 3256 πρὸς
1287 3206 1448 3257 σωτηρίαν

493 3265 550 3302 καὶ
567 3264 776 3311 εὑρίσκοντος.
798 3262 836 3300 τὸ
858 3261 892 3299 δὲ
914 3262 1041 3303 ἄνοντος
1060 3260 1183 3310 γίνεται
1206 3258 1296 3309 παρὰ
1320 3260 1357 3297 τὸ
1382 3261 1449 3297 ἄνω

494 3318 680 3369 βαρύτονον,
697 3313 735 3355 οῧ
751 3316 788 3355 τὸ
804 3316 909 3368 τρίτον
922 3319 979 3354 τοῦ
992 3319 1172 3360 παθητικοῦ
1187 3316 1357 3356 ἐνεστῶτος
1372 3315 1449 3352 ἀνε-

492 3387 557 3410 ται,
574 3375 618 3413 ὡς
633 3371 670 3409 τὸ
688 3377 743 3417 [n.
761 3379 805 3417 K,
822 3376 882 3417 251]
902 3388 918 3405 ιι
933 3370 1023 3420 μάλα
1040 3370 1104 3420 γὰρ
1118 3368 1172 3413 νὺξ
1191 3368 1312 3407 ἄνεται.
1332 3371 1364 3419 ι»)

443 1877 475 1901 2ῦ

443 2146 474 2169 ΞΜ)

1551 669 1610 694 371.
1637 659 1746 694 δακεῖν
1771 671 1781 696 :
1811 659 1895 697 ’Λντὶ
1919 665 1974 698 τοῦ
1993 663 2151 712 δηχθῆναι
2181 665 2238 701 καὶ
2264 666 2458 711 λυπηθῆναι.

1502 711 1571 746 ἀντὶ
1589 715 1645 748 τοῦ
1660 714 1807 762 ἐκφυγεῖν
1822 714 1972 752 σώσαντα
1986 715 2046 760 τὴν
2063 718 2209 767 καρδίαν.
2237 726 2311 756 Vice.
2477 740 2493 763 ς,

1551 777 1608 801 375.
1627 766 1697 813 (τὸν
1711 767 1785 817 περὶ
1799 770 1905 819 ψυχῆς
1917 781 1926 807 :
1943 769 2065 818 Ἤγουν
2078 773 2225 822 ἐκφυγεῖν
2243 774 2388 812 σώσοντα
2401 776 2459 820 τὴν

1500 819 1639 869 ψυχήν)

1551 887 1609 910 370.
1638 876 1695 923 (ἵν’
1712 878 1780 926 εἰδῇ
1799 878 1844 925 μὴ
1871 879 1984 915 πατεῖν
2001 892 2011 917 z
2037 880 2104 916 Καὶ
2121 884 2215 918 τοῦτο
2231 884 2273 924 ὡς
2291 884 2459 932 φιλόδικος.

1503 926 1651 976 ἔγκλημα
1667 930 1701 967 δὲ
1718 926 1757 975 ἦν
1773 931 1904 981 ὖὸρίσαι
1917 933 1959 969 τὰ
1973 934 2147 984 μυστήρια.
2166 935 2187 980 ἢ
2202 931 2255 972 οῧν
2271 938 2367 973 πάλιν
2386 939 2461 975 πλέ-

1503 996 1552 1017 κει
1576 985 1680 1033 αὐτῷ,
1701 984 1722 1029 ἢ
1745 985 1902 1022 δείκνυσιν
1917 989 1961 1029 ὡς
1978 990 2013 1024 οὗ
2034 988 2098 1038 χρὴ
2124 988 2166 1025 τὰ
2187 991 2348 1041 μυστήρια
2374 995 2462 1028 εὐτε·
2482 1008 2509 1032 ι(

1502 1036 1612 1082 λίζειν,
1630 1038 1730 1080 οὕτως
1744 1038 1815 1076 οὐδὲ
1832 1044 1935 1077 ταῦτα
1952 1043 2085 1090 ποιεῖν.)

1552 1095 1666 1128 πατεῖν
1682 1105 1691 1129 :
1710 1092 1883 1144 Ὑδρίζειν.
1907 1102 1983 1131 Vicc.

1553 1158 1612 1183 377.
1640 1146 1681 1183 τὰ
1705 1149 1776 1183 ταῖν
1794 1149 1882 1185 θεαῖν
1898 1149 2093 1199 ψηφίσματα
2120 1165 2128 1189 z
2152 1152 2235 1189 Ἀντὶ
2253 1157 2309 1190 τοῦ
2329 1153 2371 1189 τὰ
2392 1161 2461 1190 ταῖν

1504 1202 1591 1235 θεαῖν
1609 1201 1770 1252 μυστήρια
1788 1204 1901 1248 εἰπεῖν,
1922 1204 2117 1254 ψηφίσματα
2133 1201 2234 1251 εἶπεν,
2253 1211 2295 1248 ὼς
2319 1209 2388 1244 δέον
2403 1211 2461 1258 οὐγ

1503 1248 1599 1297 ἧττον
1617 1255 1692 1304 περὶ
1708 1260 1812 1292 ταῦτα
1829 1257 1850 1302 ἢ
1865 1258 1940 1308 περὶ
1956 1260 2062 1294 ἐκεῖνα
2079 1261 2322 1298 ἐσπουδακέναι.
2341 1251 2464 1311 καθίμά
2485 1278 2512 1300 15

1504 1306 1538 1343 δὲ
1556 1309 1733 1358 ὗποχύλα.)
1753 1331 1795 1336 -
1810 1312 1881 1348 ἀντὶ
1893 1316 1948 1349 τοῦ
1966 1313 2069 1363 ὄργια.
2086 1321 2122 1350 R.

1553 1374 1612 1399 87⁰.
1634 1363 1757 1411 καθίμα
1778 1377 1787 1402 :
1807 1366 1918 1404 Χάλα.
1944 1374 2019 1403 Vicc.

1553 1429 1612 1454 380.
1639 1418 1694 1454 καὶ
1718 1418 1777 1463 τὴν
1794 1420 1901 1469 ψυχὴν
1921 1422 2169 1470 ἐμπλησάμενος
2189 1436 2197 1460 ;
2220 1423 2276 1466 Ὡς
2294 1425 2464 1474 παράστη-

1505 1471 1553 1519 μά
1575 1486 1606 1508 τι
1625 1476 1680 1509 τοῦ
1705 1473 1891 1516 Διοπείθους
1910 1475 2039 1525 ἔχοντος
2057 1478 2224 1523 μανιῶδες.
2245 1474 2282 1523 ἦν
2302 1480 2334 1515 δὲ
2352 1483 2369 1516 ὁ
2386 1484 2462 1517 Διο-
2501 1488 2505 1492 ”

1505 1526 1617 1571 πείθης
1632 1527 1749 1578 ῥήτωρ.
1768 1528 1914 1576 (μήποτε
1929 1529 1961 1566 δὲ
1974 1525 2065 1572 οὗτός
2078 1532 2164 1567 ἐστιν
2177 1536 2193 1568 ὁ
2205 1532 2260 1568 καὶ
2272 1533 2362 1584 παρὰ
2376 1536 2464 1585 Φρυ-

1505 1579 1618 1630 νίχῳ.)

1554 1646 1614 1672 381.
1642 1636 1851 1684 καλαμᾶσθαι
1870 1650 1880 1675 :
1907 1637 2142 1688 (Ἄναρπάσαι,
2163 1641 2228 1676 ἀπὸ
2245 1642 2308 1676 τῶν
2327 1641 2384 1686 τὴν
2401 1657 2464 1678 κα-

1505 1688 1614 1737 λάμην
1640 1690 1718 1738 [τῶν
1741 1691 1956 1741 σπερμάτων]
1981 1693 2211 1738 ἀνασπώντων,
2234 1693 2326 1730 ἕνεκα
2351 1697 2466 1743 στέγης

1505 1745 1568 1779 τῶν
1581 1743 1779 1791 οἰκημάτων.
1795 1743 1817 1788 ἢ
1832 1743 1904 1781 ἀντὶ
1915 1748 1972 1781 τοῦ
1987 1746 2117 1793 ἀνιμᾶν,
2130 1749 2173 1788 ὡς
2187 1749 2216 1784 οἵ
2227 1751 2293 1790 τοῖς
2306 1749 2465 1796 καλάμοις

1506 1797 1579 1839 τοὺς
1595 1797 1705 1847 ἰχθύας
1714 1797 1929 1847 ἀνέλκοντες.)
1942 1821 1991 1827 -
2009 1798 2073 1835 ἀπὸ
2091 1808 2274 1851 μεταφορᾶς
2292 1805 2357 1838 τῶν
2371 1805 2463 1852 {2015—
2483 1822 2514 1843 21,

1505 1868 1550 1888 ων
1568 1855 1630 1888 τῶν
1654 1851 1834 1901 ἑλκομένων
1851 1852 2022 1901 καλάμοις.
2049 1861 2085 1890 R.
2100 1876 2148 1883 —-
2164 1856 2234 1903 (τὸν
2259 1855 2402 1906 πρινώδη
2430 1858 2462 1894 δὲ

1505 1907 1558 1943 τὸν
1569 1906 1708 1957 σκληρόν
1716 1922 1724 1930 ·
1738 1906 1802 1943 ἀπὸ
1810 1910 1866 1944 τοῦ
1878 1906 1971 1951 ξύλου
1980 1911 2038 1945 τοῦ
2050 1909 2188 1958 πρίνου.)
2199 1910 2388 1960 -παρόσον
2397 1913 2465 1962 πρί-

1506 1976 1560 1998 νου
1578 1961 1634 1997 καὶ
1652 1960 1781 2011 σχοίνου
1798 1961 1855 1998 καὶ
1871 1961 1983 2004 ἐλαίας
1997 1962 2193 2014 θερμότατον
2210 1968 2287 2015 πῦρ.
2308 1972 2344 2001 R.
2362 1967 2466 2014 (μαν-

1506 2015 1616 2052 θάνετε
1635 2014 1668 2052 δὲ
1691 2018 1852 2053 σκοπεῖτε.
1875 2017 1913 2053 τὸ
1935 2016 1969 2053 δὲ
1992 2017 2033 2062 ἤν
2055 2032 2088 2053 τι
2110 2018 2222 2064 πάθω,
2247 2019 2318 2055 ἀντὶ
2338 2024 2392 2056 τοῦ
2412 2021 2467 2056 ἐὰν

1505 2069 1616 2119 συμὸῇ
1632 2084 1673 2117 με
1687 2069 1828 2107 πεσόντα
1845 2072 2044 2119 ἀποθανεῖν.)
2483 2090 2514 2112 :³0

1554 2138 1613 2163 ³85.
1640 2124 1751 2175 δράσω
1772 2125 1875 2162 τοίνυν
1898 2139 1907 2163 :
1927 2126 2084 2163 Βούλεται
2102 2129 2201 2163 εἰπεῖν
2223 2142 2254 2163 τι
2270 2130 2387 2171 αὐτοῖς.
2410 2131 2464 2165 καὶ

1506 2179 1682 2227 μανθάνετε
1699 2191 1707 2215 :
1727 2178 1812 2215 Ἀντὶ
1824 2182 1891 2225 τοῦ,
1900 2179 2007 2215 οἴδατε
2021 2180 2053 2215 τί
2066 2180 2235 2224 ποιήσατε.
2261 2189 2334 2216 Ποῖ.

2482 1551 2514 1574 20

1553 2251 1612 2276 ano.
1638 2238 1800 2280 ἀνελόντες
1814 2238 1871 2274 καὶ
1887 2239 2105 2282 κλαύσαντεςε
2125 2239 2204 2277 Ἐὰν
2221 2240 2331 2290 συμὸῇ
2351 2255 2390 2287 με
2406 2255 2461 2275 πε-

1505 2293 1601 2330 σόντα
1620 2294 1801 2337 ἀποθανεῖν,
1819 2293 1852 2328 ἓν
1865 2294 1912 2342 τῷ
1926 2293 2123 2343 δικαστηρίῳ
2141 2307 2181 2339 με
2196 2293 2331 2343 θάψατε.
2349 2295 2464 2344 δρύφα-

1504 2361 1574 2384 κτοι
1587 2345 1650 2397 γὰρ
1668 2345 1785 2388 ξύλινοι
1802 2344 1961 2395 θώρακες,
1977 2345 2019 2382 τὰ
2037 2347 2285 2397 διαφράγματα,
2303 2347 2324 2392 ἢ
2342 2348 2383 2384 τὰ
2401 2364 2461 2385 πε-
2482 2369 2510 2392 3:-

1506 2399 1749 2451 ριτειχίσματα,
1778 2398 1801 2443 ἢ
1832 2399 2008 2448 κιγκλίδες,
2036 2401 2305 2452 περιφράγματα,
2339 2402 2380 2439 τὰ
2409 2407 2463 2439 νῦν

1504 2453 1657 2490 ταὸλωτδι
1671 2452 1872 2501 καλούμενα,
1890 2452 1932 2490 τὰ
1946 2456 2010 2490 τῶν
2024 2456 2291 2503 οἰκοδομημάτων
2315 2456 2462 2505 ἐξέχοντα

1505 2509 1595 2552 ξύλα.
1612 2509 1748 2545 ἐνταῦθα
1767 2506 1800 2544 δὲ
1819 2507 1861 2544 τὰ
1877 2507 2080 2556 ταὸλώματα
2095 2513 2153 2546 τοῦ
2170 2511 2393 2561 δικαστηρίου,
2412 2511 2463 2546 διὰ

1503 2563 1540 2600 τὸ
1557 2565 1595 2600 ἐκ
1611 2558 1749 2600 σανίδων
1766 2562 1821 2599 καὶ
1838 2561 1939 2605 ξύλων
1953 2566 2016 2599 τῶν
2033 2565 2071 2600 ἐκ
2087 2563 2178 2614 δρυὸς
2195 2558 2276 2601 εἶναι
2290 2580 2462 2601 κατεσκευ-

1505 2616 1641 2665 ασμένα.
1655 2615 1744 2665 λέγει
1758 2614 1792 2652 δὲ
1810 2616 1874 2652 ἀπὸ
1892 2615 2005 2666 μέρους
2021 2616 2058 2652 τὸ
2075 2618 2310 2668 δικαστήριον.)

1552 2684 1612 2708 389.
1638 2670 1716 2720 πρὸς
1727 2671 1792 2712 τοῖς
1805 2670 2021 2721 δικαστηρίοις
2031 2670 2137 2713 Λύκος
2150 2672 2235 2721 ἥρως
2242 2671 2360 2722 ἵδρυτο.
2375 2672 2463 2707 ἔθυον

1504 2724 1538 2761 δὲ
1556 2725 1644 2773 αὐτῷ
1658 2724 1714 2760 καὶ
1732 2723 1891 2772 ἀπένεμον
1913 2724 2097 2761 δικαστικὸν
2116 2724 2240 2771 μισθόν.
2260 2731 2295 2759 R.
2315 2719 2360 2771 (ὦ
2375 2726 2460 2762 Λύκε

1505 2778 1646 2814 δέσποτα
1660 2789 1669 2814 :
1683 2777 1783 2827 Παρὰ
1796 2778 1861 2818 τοῖς
1873 2776 2088 2827 δικαστηρίοις
2101 2777 2138 2813 τὸ
2152 2780 2206 2813 τοῦ
2222 2776 2329 2813 Λύκου
2343 2780 2459 2826 ἡρῖξὶον.

1503 2831 1573 2868 ὅθεν
1597 2830 1696 2881 φασὶν
1721 2832 1865 2881 εἰρῆσθαι
1890 2830 1998 2868 Λύκου
2026 2831 2130 2872 δεκάς.
2198 2829 2330 2871 Ἄλλως.
2353 2831 2459 2867 Λύκου

1503 2887 1607 2935 ἡρῷον
1624 2898 1649 2920 π
1670 2883 1703 2925 ὃς
1715 2886 1762 2934 τῷ
1779 2884 1976 2933 δικαστηρίῳ
1992 2879 2043 2928 ἦν,
2066 2879 2093 2933 ᾧ
2110 2884 2267 2933 ἐμέριζον,
2291 2884 2343 2920 ὅτε
2371 2886 2461 2920 δικα-
2480 2905 2508 2930 ι,,-,

1504 2937 1620 2988 στήρια
1634 2899 1685 2982 ᾗ,
1697 2937 1751 2974 τὸν
1769 2935 1859 2987 παρὰ
1876 2940 1941 2977 τοῖς
1953 2938 2090 2986 λαχοῦσι
2105 2940 2167 2973 τῶν
2182 2937 2353 2981 Ἀθηναίων
2371 2939 2459 2974 δικά-

1503 2995 1566 3035 ζειν
1585 2990 1767 3028 δικαστικὸν
1783 2990 1895 3038 μισθὸν
1915 3006 1935 3027 τ
1956 2990 2118 3039 ιώὸολον.)

1552 3045 1733 3097 κεχάρησαι
1748 3057 1756 3082 :
1777 3044 1893 3094 Χαίρει
1909 3059 1927 3079 ο
1941 3060 1956 3086 ς
1971 3044 2027 3081 καὶ
2044 3044 2117 3092 ἐγώ.
2140 3052 2216 3081 Vici.

1552 3111 1612 3136 3⁹0.
1638 3097 1817 3149 φευγόντων
1833 3110 1843 3134 :
1857 3099 1931 3134 Τῶν
1948 3098 2243 3147 κατηγορουμένων.
2270 3105 2345 3134 Vici.

1552 3166 1612 3191 3⁹2.
1639 3151 1729 3202 παρὰ
1742 3151 1797 3188 τὸν
1808 3151 1953 3188 κλάοντα
1971 3154 2129 3196 καθῆσθαι
2147 3164 2156 3190 :
2176 3152 2234 3194 Ὡς
2250 3157 2313 3190 τῶν
2328 3158 2461 3192 καταδι-
2479 3179 2508 3199 :w

1504 3206 1684 3245 κασθέντων
1702 3205 1774 3242 εὐθὺ
1795 3205 1873 3256 πρὸς
1887 3205 1924 3242 τὸ
1938 3209 2043 3256 ἡρῷον
2058 3207 2297 3245 ἀποκλειόντων.
2316 3212 2460 3261 εὐφημό-

1502 3276 1592 3312 τερον
1612 3260 1645 3297 δὲ
1656 3260 1803 3309 λέγουσιν
1823 3260 1893 3296 ἀντὶ
1907 3263 1963 3296 τοῦ
1980 3260 2088 3296 κλάων
2106 3264 2257 3306 καθῆστο.

1551 3327 1612 3353 3ος.
1635 3313 1751 3356 κάννας
1776 3327 1785 3350 :
1808 3315 1855 3361 (Τ
1857 3313 1893 3354 ὰς
1912 3313 2054 3363 ψιάθους.
2077 3315 2203 3363 λέγεται
2229 3316 2334 3354 δὲκαὶ
2360 3320 2459 3364 κάνης

1503 3369 1560 3407 καὶ
1576 3367 1716 3406 κλίνεται
1739 3371 1794 3404 τοῦ
1812 3367 1959 3412 κάνητος.
1978 3370 2038 3417 ὡς)
2065 3369 2189 3419 ψιάθως
2207 3370 2238 3406 δὲ
2257 3387 2456 3423 περιπεφρα,

2482 2639 2511 2661 ¹1ss
