<?xml version="1.0" encoding="UTF-8"?>
<!DOCTYPE html PUBLIC "-//W3C//DTD XHTML 1.0 Transitional//EN"
    "http://www.w3.org/TR/xhtml1/DTD/xhtml1-transitional.dtd">
<html xmlns="http://www.w3.org/1999/xhtml" xml:lang="en" lang="en">
 <head>
  <title>
</title>
<meta http-equiv="Content-Type" content="text/html;charset=utf-8" />
  <meta name='ocr-system' content='tesseract 3.04.00' />
  <meta name='ocr-capabilities' content='ocr_page ocr_carea ocr_par ocr_line ocrx_word'/>
</head>
<body>
  <div class='ocr_page' id='page_1' title='image "./scholiagraecain00dbgoog_0492.png"; bbox 0 0 2931 4012; ppageno 0'>
   <div class='ocr_carea' id='block_1_1' title="bbox 604 445 673 474">
    <p class='ocr_par' dir='ltr' id='par_1_1' title="bbox 604 445 673 474">
     <span class='ocr_line' id='line_1_1' title="bbox 604 445 673 474; baseline 0 0"><span class='ocrx_word' id='word_1_1' title='bbox 604 445 673 474; x_wconf 78' lang='lat'>⁴20</span> 
     </span>
    </p>
   </div>
   <div class='ocr_carea' id='block_1_2' title="bbox 601 511 1544 2561">
    <p class='ocr_par' dir='ltr' id='par_1_2' title="bbox 601 511 1534 886">
     <span class='ocr_line' id='line_1_2' title="bbox 602 511 1532 566; baseline -0.01 -14"><span class='ocrx_word' id='word_1_2' title='bbox 602 515 816 566; x_wconf 78' lang='lat' dir='ltr'><strong>g1·.1=nmatici</strong></span> <span class='ocrx_word' id='word_1_3' title='bbox 838 514 906 563; x_wconf 86' lang='lat' dir='ltr'>(vel</span> <span class='ocrx_word' id='word_1_4' title='bbox 921 511 1144 559; x_wconf 83' lang='lat' dir='ltr'>calculones),</span> <span class='ocrx_word' id='word_1_5' title='bbox 1157 521 1191 548; x_wconf 84' lang='lat' dir='ltr'>et</span> <span class='ocrx_word' id='word_1_6' title='bbox 1202 513 1314 558; x_wconf 77' lang='lat' dir='ltr'><strong><em>kappa</em></strong></span> <span class='ocrx_word' id='word_1_7' title='bbox 1328 518 1456 545; x_wconf 80' lang='lat' dir='ltr'>vocant</span> <span class='ocrx_word' id='word_1_8' title='bbox 1470 522 1532 544; x_wconf 90' lang='lat' dir='ltr'>no-</span> 
     </span>
     <span class='ocr_line' id='line_1_3' title="bbox 604 564 1531 612; baseline -0.011 -4"><span class='ocrx_word' id='word_1_9' title='bbox 604 581 673 608; x_wconf 77' lang='lat' dir='ltr'>tam</span> <span class='ocrx_word' id='word_1_10' title='bbox 691 572 738 609; x_wconf 83' lang='lat' dir='ltr'>C&#39;.</span> <span class='ocrx_word' id='word_1_11' title='bbox 760 574 848 606; x_wconf 80' lang='lat' dir='ltr'>Nam</span> <span class='ocrx_word' id='word_1_12' title='bbox 869 570 992 604; x_wconf 76' lang='lat' dir='ltr'>melius</span> <span class='ocrx_word' id='word_1_13' title='bbox 1009 581 1051 603; x_wconf 80' lang='lat' dir='ltr'>ex</span> <span class='ocrx_word' id='word_1_14' title='bbox 1067 567 1183 603; x_wconf 83' lang='lat' dir='ltr'>Suidae</span> <span class='ocrx_word' id='word_1_15' title='bbox 1198 564 1377 602; x_wconf 85' lang='lat' dir='ltr'><strong>codicibus</strong></span> <span class='ocrx_word' id='word_1_16' title='bbox 1389 565 1531 612; x_wconf 70' lang='lat' dir='ltr'>optimis</span> 
     </span>
     <span class='ocr_line' id='line_1_4' title="bbox 603 619 1533 672; baseline -0.01 -11"><span class='ocrx_word' id='word_1_17' title='bbox 603 626 747 672; x_wconf 76' lang='lat' dir='ltr'>legetur,</span> <span class='ocrx_word' id='word_1_18' title='bbox 765 624 837 659; x_wconf 82' lang='grc' dir='ltr'>καλ.</span> <span class='ocrx_word' id='word_1_19' title='bbox 852 622 962 658; x_wconf 85' lang='grc' dir='ltr'>κόππα</span> <span class='ocrx_word' id='word_1_20' title='bbox 979 621 1015 656; x_wconf 74' lang='grc' dir='ltr'>τὸ</span> <span class='ocrx_word' id='word_1_21' title='bbox 1031 622 1079 668; x_wconf 71' lang='lat' dir='ltr'>C.</span> <span class='ocrx_word' id='word_1_22' title='bbox 1095 624 1177 656; x_wconf 73' lang='lat' dir='ltr'>Haec</span> <span class='ocrx_word' id='word_1_23' title='bbox 1192 621 1263 656; x_wconf 80' lang='lat' dir='ltr'>fere</span> <span class='ocrx_word' id='word_1_24' title='bbox 1280 619 1481 655; x_wconf 80' lang='lat' dir='ltr'><strong>Diibnerus.</strong></span> <span class='ocrx_word' id='word_1_25' title='bbox 1496 644 1533 651; x_wconf 92' lang='grc'>.-</span> 
     </span>
     <span class='ocr_line' id='line_1_5' title="bbox 603 673 1533 719; baseline -0.008 -5"><span class='ocrx_word' id='word_1_26' title='bbox 603 680 647 719; x_wconf 82' lang='grc'>45</span> <span class='ocrx_word' id='word_1_27' title='bbox 660 678 714 713; x_wconf 77' lang='grc' dir='ltr'>καὶ</span> <span class='ocrx_word' id='word_1_28' title='bbox 727 676 902 718; x_wconf 76' lang='grc' dir='ltr'>κολάζοντα</span> <span class='ocrx_word' id='word_1_29' title='bbox 918 680 973 718; x_wconf 89' lang='lat' dir='ltr'>V.‚</span> <span class='ocrx_word' id='word_1_30' title='bbox 987 688 1057 710; x_wconf 91' lang='lat' dir='ltr'>om.</span> <span class='ocrx_word' id='word_1_31' title='bbox 1072 674 1169 710; x_wconf 83' lang='lat' dir='ltr'><strong>Suid.</strong></span> <span class='ocrx_word' id='word_1_32' title='bbox 1179 703 1217 710; x_wconf 83' lang='lat'>.-</span> <span class='ocrx_word' id='word_1_33' title='bbox 1232 675 1277 715; x_wconf 88' lang='grc'>46</span> <span class='ocrx_word' id='word_1_34' title='bbox 1289 675 1337 708; x_wconf 81' lang='lat' dir='ltr'>sic</span> <span class='ocrx_word' id='word_1_35' title='bbox 1355 673 1448 708; x_wconf 83' lang='lat' dir='ltr'><strong>Suid.</strong></span> <span class='ocrx_word' id='word_1_36' title='bbox 1467 676 1533 706; x_wconf 82' lang='lat' dir='ltr'>Le-</span> 
     </span>
     <span class='ocr_line' id='line_1_6' title="bbox 601 726 1534 779; baseline -0.009 -12"><span class='ocrx_word' id='word_1_37' title='bbox 601 731 749 779; x_wconf 77' lang='lat' dir='ltr'>gebatur</span> <span class='ocrx_word' id='word_1_38' title='bbox 777 730 866 766; x_wconf 79' lang='grc' dir='ltr'>οὐδὲν</span> <span class='ocrx_word' id='word_1_39' title='bbox 882 730 990 769; x_wconf 82' lang='grc' dir='ltr'>ὄντως.</span> <span class='ocrx_word' id='word_1_40' title='bbox 1005 757 1044 765; x_wconf 87' lang='grc'>..</span> <span class='ocrx_word' id='word_1_41' title='bbox 1057 730 1092 764; x_wconf 82' lang='grc' dir='ltr'>οὗ</span> <span class='ocrx_word' id='word_1_42' title='bbox 1106 727 1167 778; x_wconf 78' lang='grc' dir='ltr'>γὰρ</span> <span class='ocrx_word' id='word_1_43' title='bbox 1182 728 1257 763; x_wconf 85' lang='lat' dir='ltr'><strong>Ald.</strong></span> <span class='ocrx_word' id='word_1_44' title='bbox 1269 736 1315 770; x_wconf 84' lang='lat' dir='ltr'>et,</span> <span class='ocrx_word' id='word_1_45' title='bbox 1331 735 1370 762; x_wconf 91' lang='lat' dir='ltr'>ut</span> <span class='ocrx_word' id='word_1_46' title='bbox 1384 726 1534 768; x_wconf 79' lang='lat' dir='ltr'>videtur,</span> 
     </span>
     <span class='ocr_line' id='line_1_7' title="bbox 601 778 1534 830; baseline -0.006 -10"><span class='ocrx_word' id='word_1_47' title='bbox 601 790 645 823; x_wconf 90' lang='lat' dir='ltr'>V.</span> <span class='ocrx_word' id='word_1_48' title='bbox 662 814 703 822; x_wconf 85' lang='lat'>-.</span> <span class='ocrx_word' id='word_1_49' title='bbox 718 791 764 830; x_wconf 81' lang='grc'>49</span> <span class='ocrx_word' id='word_1_50' title='bbox 789 778 825 820; x_wconf 72' lang='grc' dir='ltr'>οἶ</span> <span class='ocrx_word' id='word_1_51' title='bbox 837 783 1084 826; x_wconf 85' lang='grc' dir='ltr'>τελευτήσαντος</span> <span class='ocrx_word' id='word_1_52' title='bbox 1106 785 1148 818; x_wconf 91' lang='lat' dir='ltr'>G.</span> <span class='ocrx_word' id='word_1_53' title='bbox 1165 784 1209 819; x_wconf 90' lang='grc' dir='ltr'>Θ.</span> <span class='ocrx_word' id='word_1_54' title='bbox 1223 808 1264 817; x_wconf 85' lang='grc'>.-</span> <span class='ocrx_word' id='word_1_55' title='bbox 1278 782 1323 816; x_wconf 87' lang='grc'>50</span> <span class='ocrx_word' id='word_1_56' title='bbox 1341 779 1534 830; x_wconf 76' lang='grc' dir='ltr'>βουκέφαλον</span> 
     </span>
     <span class='ocr_line' id='line_1_8' title="bbox 603 834 1331 886; baseline -0.011 -10"><span class='ocrx_word' id='word_1_57' title='bbox 603 840 661 886; x_wconf 87' lang='grc'>(...</span> <span class='ocrx_word' id='word_1_58' title='bbox 673 838 751 876; x_wconf 78' lang='grc' dir='ltr'>σίλου</span> <span class='ocrx_word' id='word_1_59' title='bbox 766 837 858 884; x_wconf 77' lang='lat' dir='ltr'><strong>Ald.)</strong></span> <span class='ocrx_word' id='word_1_60' title='bbox 875 835 1218 884; x_wconf 76' lang='grc' dir='ltr'>Ἀλεξάνδρειαν·Α1ἀ.,</span> <span class='ocrx_word' id='word_1_61' title='bbox 1232 834 1331 869; x_wconf 87' lang='lat' dir='ltr'><strong>Suid.</strong></span> 
     </span>
    </p>

    <p class='ocr_par' dir='ltr' id='par_1_3' title="bbox 601 885 1538 1044">
     <span class='ocr_line' id='line_1_9' title="bbox 652 885 1536 937; baseline -0.007 -10"><span class='ocrx_word' id='word_1_62' title='bbox 652 898 709 934; x_wconf 72' lang='lat'>24,</span> <span class='ocrx_word' id='word_1_63' title='bbox 725 893 768 926; x_wconf 85' lang='lat'>53</span> <span class='ocrx_word' id='word_1_64' title='bbox 783 890 853 926; x_wconf 78' lang='grc' dir='ltr'>ἀντὶ</span> <span class='ocrx_word' id='word_1_65' title='bbox 863 893 918 925; x_wconf 78' lang='grc' dir='ltr'>τοῦ</span> <span class='ocrx_word' id='word_1_66' title='bbox 934 894 973 926; x_wconf 79' lang='lat' dir='ltr'>R.</span> <span class='ocrx_word' id='word_1_67' title='bbox 990 902 1055 937; x_wconf 85' lang='lat' dir='ltr'>pro</span> <span class='ocrx_word' id='word_1_68' title='bbox 1070 887 1147 937; x_wconf 72' lang='grc' dir='ltr'>φησὶ</span> <span class='ocrx_word' id='word_1_69' title='bbox 1155 887 1283 929; x_wconf 52' lang='lat' dir='ltr'><strong><em>Sin-54</em></strong></span> <span class='ocrx_word' id='word_1_70' title='bbox 1299 885 1442 927; x_wconf 82' lang='grc' dir='ltr'>πατάξας</span> <span class='ocrx_word' id='word_1_71' title='bbox 1456 887 1536 923; x_wconf 84' lang='lat' dir='ltr'><strong>Ald.</strong></span> 
     </span>
     <span class='ocr_line' id='line_1_10' title="bbox 601 939 1537 992; baseline -0.007 -11"><span class='ocrx_word' id='word_1_72' title='bbox 601 950 670 982; x_wconf 79' lang='lat' dir='ltr'>Pro</span> <span class='ocrx_word' id='word_1_73' title='bbox 688 946 711 981; x_wconf 82' lang='lat' dir='ltr'>l.</span> <span class='ocrx_word' id='word_1_74' title='bbox 729 945 830 986; x_wconf 68' lang='lat'><strong>52-34</strong></span> <span class='ocrx_word' id='word_1_75' title='bbox 844 945 906 980; x_wconf 89' lang='grc' dir='ltr'>Θ..·</span> <span class='ocrx_word' id='word_1_76' title='bbox 921 942 1092 992; x_wconf 75' lang='grc' dir='ltr'>ἀφῃρέθην.</span> <span class='ocrx_word' id='word_1_77' title='bbox 1104 940 1192 991; x_wconf 75' lang='grc' dir='ltr'>παρὰ</span> <span class='ocrx_word' id='word_1_78' title='bbox 1204 941 1257 976; x_wconf 81' lang='grc' dir='ltr'>τὸν</span> <span class='ocrx_word' id='word_1_79' title='bbox 1270 940 1334 986; x_wconf 80' lang='grc' dir='ltr'>(τὸν</span> <span class='ocrx_word' id='word_1_80' title='bbox 1350 941 1453 975; x_wconf 81' lang='lat' dir='ltr'>etiam</span> <span class='ocrx_word' id='word_1_81' title='bbox 1464 939 1537 975; x_wconf 75' lang='lat' dir='ltr'><strong>Ald.</strong></span> 
     </span>
     <span class='ocr_line' id='line_1_11' title="bbox 602 993 1538 1044; baseline -0.007 -9"><span class='ocrx_word' id='word_1_82' title='bbox 602 1007 637 1035; x_wconf 82' lang='lat' dir='ltr'>et</span> <span class='ocrx_word' id='word_1_83' title='bbox 652 1000 733 1035; x_wconf 69' lang='lat' dir='ltr'><strong>sori.</strong></span> <span class='ocrx_word' id='word_1_84' title='bbox 748 998 850 1044; x_wconf 84' lang='lat' dir='ltr'><strong>Vcn.)</strong></span> <span class='ocrx_word' id='word_1_85' title='bbox 864 996 1046 1033; x_wconf 82' lang='grc' dir='ltr'>κοππατίαν</span> <span class='ocrx_word' id='word_1_86' title='bbox 1060 995 1093 1031; x_wconf 78' lang='grc' dir='ltr'>δὲ</span> <span class='ocrx_word' id='word_1_87' title='bbox 1101 996 1206 1036; x_wconf 80' lang='grc' dir='ltr'><strong>παίζει</strong></span> <span class='ocrx_word' id='word_1_88' title='bbox 1219 993 1315 1030; x_wconf 82' lang='grc' dir='ltr'>εἰπὼν</span> <span class='ocrx_word' id='word_1_89' title='bbox 1329 993 1364 1029; x_wconf 81' lang='grc' dir='ltr'>τὸ</span> <span class='ocrx_word' id='word_1_90' title='bbox 1376 993 1538 1037; x_wconf 76' lang='grc' dir='ltr'>ἐξεκόπην.</span> 
     </span>
    </p>

    <p class='ocr_par' dir='ltr' id='par_1_4' title="bbox 601 1056 1541 1371">
     <span class='ocr_line' id='line_1_12' title="bbox 654 1056 1538 1103; baseline -0.005 -11"><span class='ocrx_word' id='word_1_91' title='bbox 654 1060 711 1103; x_wconf 79' lang='lat'>25,</span> <span class='ocrx_word' id='word_1_92' title='bbox 728 1064 744 1098; x_wconf 88' lang='grc'>4</span> <span class='ocrx_word' id='word_1_93' title='bbox 763 1056 924 1097; x_wconf 77' lang='grc' dir='ltr'>νεανίσκος</span> <span class='ocrx_word' id='word_1_94' title='bbox 947 1069 1016 1091; x_wconf 89' lang='lat' dir='ltr'>om.</span> <span class='ocrx_word' id='word_1_95' title='bbox 1032 1057 1077 1091; x_wconf 87' lang='lat' dir='ltr'>V.</span> <span class='ocrx_word' id='word_1_96' title='bbox 1092 1084 1130 1091; x_wconf 87' lang='lat'>...</span> <span class='ocrx_word' id='word_1_97' title='bbox 1145 1056 1164 1090; x_wconf 86' lang='lat'><strong>5</strong></span> <span class='ocrx_word' id='word_1_98' title='bbox 1182 1056 1297 1103; x_wconf 70' lang='grc' dir='ltr'>ἀποφθ.</span> <span class='ocrx_word' id='word_1_99' title='bbox 1314 1056 1357 1089; x_wconf 80' lang='grc' dir='ltr'>Θ.</span> <span class='ocrx_word' id='word_1_100' title='bbox 1374 1056 1538 1103; x_wconf 83' lang='grc' dir='ltr'>ὀνειροπο-</span> 
     </span>
     <span class='ocr_line' id='line_1_13' title="bbox 602 1106 1541 1159; baseline -0.006 -12"><span class='ocrx_word' id='word_1_101' title='bbox 602 1113 667 1148; x_wconf 85' lang='grc' dir='ltr'>λῶν</span> <span class='ocrx_word' id='word_1_102' title='bbox 682 1106 767 1159; x_wconf 81' lang='grc' dir='ltr'>λέγει</span> <span class='ocrx_word' id='word_1_103' title='bbox 779 1113 818 1146; x_wconf 90' lang='lat' dir='ltr'>V.</span> <span class='ocrx_word' id='word_1_104' title='bbox 838 1109 969 1146; x_wconf 78' lang='lat' dir='ltr'><strong>Deinde</strong></span> <span class='ocrx_word' id='word_1_105' title='bbox 984 1110 1077 1145; x_wconf 83' lang='lat' dir='ltr'><strong>idem</strong></span> <span class='ocrx_word' id='word_1_106' title='bbox 1093 1110 1137 1148; x_wconf 80' lang='grc' dir='ltr'>ὥς</span> <span class='ocrx_word' id='word_1_107' title='bbox 1149 1108 1204 1144; x_wconf 82' lang='grc' dir='ltr'>τὸν</span> <span class='ocrx_word' id='word_1_108' title='bbox 1217 1122 1338 1152; x_wconf 87' lang='grc' dir='ltr'>συνην,,</span> <span class='ocrx_word' id='word_1_109' title='bbox 1352 1108 1446 1155; x_wconf 86' lang='lat' dir='ltr'>quod</span> <span class='ocrx_word' id='word_1_110' title='bbox 1458 1120 1541 1142; x_wconf 81' lang='lat' dir='ltr'>cor-</span> 
     </span>
     <span class='ocr_line' id='line_1_14' title="bbox 605 1161 1539 1210; baseline -0.005 -9"><span class='ocrx_word' id='word_1_111' title='bbox 605 1174 721 1202; x_wconf 78' lang='lat' dir='ltr'>rector</span> <span class='ocrx_word' id='word_1_112' title='bbox 736 1164 867 1200; x_wconf 81' lang='lat' dir='ltr'>codicis</span> <span class='ocrx_word' id='word_1_113' title='bbox 882 1166 925 1201; x_wconf 91' lang='grc' dir='ltr'>Θ.</span> <span class='ocrx_word' id='word_1_114' title='bbox 937 1164 974 1199; x_wconf 88' lang='lat' dir='ltr'>in</span> <span class='ocrx_word' id='word_1_115' title='bbox 988 1165 1052 1199; x_wconf 78' lang='grc' dir='ltr'>τῶν</span> <span class='ocrx_word' id='word_1_116' title='bbox 1075 1161 1345 1210; x_wconf 79' lang='grc' dir='ltr'>συνηνιοχούντων</span> <span class='ocrx_word' id='word_1_117' title='bbox 1365 1169 1488 1196; x_wconf 83' lang='lat' dir='ltr'><strong>mutat.</strong></span> <span class='ocrx_word' id='word_1_118' title='bbox 1502 1190 1539 1196; x_wconf 85' lang='grc'>.-</span> 
     </span>
     <span class='ocr_line' id='line_1_15' title="bbox 604 1213 1538 1263; baseline -0.006 -8"><span class='ocrx_word' id='word_1_119' title='bbox 604 1233 622 1263; x_wconf 82' lang='lat'><strong>7</strong></span> <span class='ocrx_word' id='word_1_120' title='bbox 643 1221 706 1254; x_wconf 81' lang='grc' dir='ltr'>τῶν</span> <span class='ocrx_word' id='word_1_121' title='bbox 726 1221 823 1254; x_wconf 79' lang='grc' dir='ltr'>αὐτοῦ</span> <span class='ocrx_word' id='word_1_122' title='bbox 842 1217 916 1253; x_wconf 77' lang='grc' dir='ltr'>ἶππ.</span> <span class='ocrx_word' id='word_1_123' title='bbox 932 1221 973 1252; x_wconf 88' lang='lat' dir='ltr'>V.</span> <span class='ocrx_word' id='word_1_124' title='bbox 997 1243 1038 1251; x_wconf 86' lang='lat'>-</span> <span class='ocrx_word' id='word_1_125' title='bbox 1064 1217 1085 1250; x_wconf 89' lang='grc'>8</span> <span class='ocrx_word' id='word_1_126' title='bbox 1108 1214 1207 1251; x_wconf 74' lang='grc' dir='ltr'>θέοιεν</span> <span class='ocrx_word' id='word_1_127' title='bbox 1228 1213 1409 1262; x_wconf 82' lang='grc' dir='ltr'>ἐμποδίζοις</span> <span class='ocrx_word' id='word_1_128' title='bbox 1424 1218 1465 1249; x_wconf 85' lang='lat' dir='ltr'>V.</span> <span class='ocrx_word' id='word_1_129' title='bbox 1483 1213 1538 1258; x_wconf 85' lang='grc' dir='ltr'>θέη</span> 
     </span>
     <span class='ocr_line' id='line_1_16' title="bbox 602 1270 1540 1321; baseline -0.006 -12"><span class='ocrx_word' id='word_1_130' title='bbox 602 1272 782 1321; x_wconf 77' lang='grc' dir='ltr'>ἐμποδίζειν</span> <span class='ocrx_word' id='word_1_131' title='bbox 798 1275 839 1309; x_wconf 90' lang='lat' dir='ltr'>G.</span> <span class='ocrx_word' id='word_1_132' title='bbox 853 1270 981 1307; x_wconf 80' lang='grc' dir='ltr'>ὖποθέοι</span> <span class='ocrx_word' id='word_1_133' title='bbox 991 1271 1083 1307; x_wconf 85' lang='grc' dir='ltr'>Θ...</span> <span class='ocrx_word' id='word_1_134' title='bbox 1102 1283 1143 1305; x_wconf 86' lang='grc' dir='ltr'>ιο</span> <span class='ocrx_word' id='word_1_135' title='bbox 1153 1270 1211 1305; x_wconf 81' lang='grc'>-13</span> <span class='ocrx_word' id='word_1_136' title='bbox 1222 1270 1337 1305; x_wconf 79' lang='lat' dir='ltr'><strong>omitt.</strong></span> <span class='ocrx_word' id='word_1_137' title='bbox 1348 1272 1402 1313; x_wconf 87' lang='lat' dir='ltr'>V.‚</span> <span class='ocrx_word' id='word_1_138' title='bbox 1417 1283 1429 1303; x_wconf 89' lang='lat'><em>1</em></span> <span class='ocrx_word' id='word_1_139' title='bbox 1442 1270 1540 1312; x_wconf 85' lang='lat'>1-13,</span> 
     </span>
     <span class='ocr_line' id='line_1_17' title="bbox 601 1325 1001 1371; baseline -0.008 -8"><span class='ocrx_word' id='word_1_140' title='bbox 601 1325 688 1363; x_wconf 80' lang='grc' dir='ltr'>τὸδὲ</span> <span class='ocrx_word' id='word_1_141' title='bbox 710 1354 717 1361; x_wconf 93' lang='grc'>.</span> <span class='ocrx_word' id='word_1_142' title='bbox 734 1355 741 1361; x_wconf 96' lang='grc'>.</span> <span class='ocrx_word' id='word_1_143' title='bbox 759 1353 766 1361; x_wconf 90' lang='grc'>.</span> <span class='ocrx_word' id='word_1_144' title='bbox 789 1330 853 1371; x_wconf 49' lang='lat' dir='ltr'>iv„</span> <span class='ocrx_word' id='word_1_145' title='bbox 871 1338 942 1361; x_wconf 84' lang='lat' dir='ltr'>om.</span> <span class='ocrx_word' id='word_1_146' title='bbox 958 1325 1001 1361; x_wconf 88' lang='grc' dir='ltr'>Θ.</span> 
     </span>
    </p>

    <p class='ocr_par' dir='ltr' id='par_1_5' title="bbox 603 1381 1543 2186">
     <span class='ocr_line' id='line_1_18' title="bbox 653 1381 1541 1431; baseline -0.005 -11"><span class='ocrx_word' id='word_1_147' title='bbox 653 1386 717 1429; x_wconf 81' lang='lat'>28,</span> <span class='ocrx_word' id='word_1_148' title='bbox 741 1398 847 1431; x_wconf 78' lang='lat'><strong>19-21</strong></span> <span class='ocrx_word' id='word_1_149' title='bbox 860 1410 872 1428; x_wconf 94' lang='lat'>,</span> <span class='ocrx_word' id='word_1_150' title='bbox 899 1384 1031 1427; x_wconf 53' lang='lat'><strong>3234,</strong></span> <span class='ocrx_word' id='word_1_151' title='bbox 1050 1396 1163 1430; x_wconf 74' lang='lat' dir='ltr'>prope</span> <span class='ocrx_word' id='word_1_152' title='bbox 1182 1382 1303 1418; x_wconf 84' lang='lat' dir='ltr'>eadem</span> <span class='ocrx_word' id='word_1_153' title='bbox 1319 1382 1483 1429; x_wconf 85' lang='lat' dir='ltr'>leguntur</span> <span class='ocrx_word' id='word_1_154' title='bbox 1504 1381 1541 1416; x_wconf 88' lang='lat' dir='ltr'>in</span> 
     </span>
     <span class='ocr_line' id='line_1_19' title="bbox 603 1433 1541 1484; baseline -0.005 -10"><span class='ocrx_word' id='word_1_155' title='bbox 603 1439 683 1474; x_wconf 87' lang='lat' dir='ltr'><strong>cod.</strong></span> <span class='ocrx_word' id='word_1_156' title='bbox 699 1439 856 1481; x_wconf 63' lang='lat' dir='ltr'>Tauria„</span> <span class='ocrx_word' id='word_1_157' title='bbox 873 1437 975 1484; x_wconf 80' lang='lat' dir='ltr'>cujus</span> <span class='ocrx_word' id='word_1_158' title='bbox 992 1438 1029 1477; x_wconf 80' lang='lat' dir='ltr'>iu</span> <span class='ocrx_word' id='word_1_159' title='bbox 1044 1437 1201 1483; x_wconf 80' lang='lat' dir='ltr'>margine</span> <span class='ocrx_word' id='word_1_160' title='bbox 1215 1437 1336 1471; x_wconf 88' lang='lat' dir='ltr'>eadem</span> <span class='ocrx_word' id='word_1_161' title='bbox 1356 1448 1457 1470; x_wconf 81' lang='lat' dir='ltr'>manu</span> <span class='ocrx_word' id='word_1_162' title='bbox 1471 1448 1479 1468; x_wconf 75' lang='grc' dir='ltr'>ι</span> <span class='ocrx_word' id='word_1_163' title='bbox 1493 1433 1541 1470; x_wconf 79' lang='grc' dir='ltr'>ὅτι</span> 
     </span>
     <span class='ocr_line' id='line_1_20' title="bbox 603 1485 1542 1542; baseline -0.003 -14"><span class='ocrx_word' id='word_1_164' title='bbox 603 1497 686 1541; x_wconf 81' lang='grc' dir='ltr'>τρεῖς</span> <span class='ocrx_word' id='word_1_165' title='bbox 710 1491 822 1542; x_wconf 79' lang='grc' dir='ltr'>δρόμοι</span> <span class='ocrx_word' id='word_1_166' title='bbox 850 1491 993 1539; x_wconf 83' lang='grc' dir='ltr'>μάλιστα</span> <span class='ocrx_word' id='word_1_167' title='bbox 1017 1485 1100 1534; x_wconf 72' lang='grc' dir='ltr'>ἦσαν</span> <span class='ocrx_word' id='word_1_168' title='bbox 1128 1492 1230 1531; x_wconf 81' lang='grc' dir='ltr'>πεζῶν</span> <span class='ocrx_word' id='word_1_169' title='bbox 1252 1489 1391 1526; x_wconf 85' lang='grc' dir='ltr'>ὁπλίτων</span> <span class='ocrx_word' id='word_1_170' title='bbox 1409 1489 1505 1536; x_wconf 81' lang='lat' dir='ltr'>[sic],</span> <span class='ocrx_word' id='word_1_171' title='bbox 1524 1491 1542 1525; x_wconf 83' lang='grc' dir='ltr'><strong>ὁ</strong></span> 
     </span>
     <span class='ocr_line' id='line_1_21' title="bbox 604 1541 1540 1593; baseline -0.002 -12"><span class='ocrx_word' id='word_1_172' title='bbox 604 1546 730 1586; x_wconf 79' lang='grc' dir='ltr'>δίαυλος</span> <span class='ocrx_word' id='word_1_173' title='bbox 743 1545 798 1581; x_wconf 78' lang='grc' dir='ltr'>καὶ</span> <span class='ocrx_word' id='word_1_174' title='bbox 814 1548 832 1581; x_wconf 82' lang='grc' dir='ltr'><strong>ὁ</strong></span> <span class='ocrx_word' id='word_1_175' title='bbox 846 1545 982 1593; x_wconf 64' lang='grc' dir='ltr'>δολιχος.</span> <span class='ocrx_word' id='word_1_176' title='bbox 994 1544 1049 1580; x_wconf 76' lang='grc' dir='ltr'>καὶ</span> <span class='ocrx_word' id='word_1_177' title='bbox 1067 1546 1096 1580; x_wconf 79' lang='grc' dir='ltr'>οἱ</span> <span class='ocrx_word' id='word_1_178' title='bbox 1114 1543 1172 1591; x_wconf 81' lang='grc' dir='ltr'>μὲν</span> <span class='ocrx_word' id='word_1_179' title='bbox 1186 1544 1239 1580; x_wconf 80' lang='grc' dir='ltr'>τὸν</span> <span class='ocrx_word' id='word_1_180' title='bbox 1256 1543 1389 1587; x_wconf 81' lang='grc' dir='ltr'>ὁπλίτην</span> <span class='ocrx_word' id='word_1_181' title='bbox 1407 1541 1540 1592; x_wconf 68' lang='grc' dir='ltr'>τρέχειν-</span> 
     </span>
     <span class='ocr_line' id='line_1_22' title="bbox 603 1597 1539 1650; baseline -0.004 -14"><span class='ocrx_word' id='word_1_182' title='bbox 603 1614 653 1639; x_wconf 80' lang='grc' dir='ltr'>τες</span> <span class='ocrx_word' id='word_1_183' title='bbox 666 1599 795 1650; x_wconf 78' lang='grc' dir='ltr'>δρόμον,</span> <span class='ocrx_word' id='word_1_184' title='bbox 810 1598 845 1640; x_wconf 85' lang='grc' dir='ltr'>ὃς</span> <span class='ocrx_word' id='word_1_185' title='bbox 854 1598 999 1634; x_wconf 84' lang='grc' dir='ltr'>ἐκαλεῖτο</span> <span class='ocrx_word' id='word_1_186' title='bbox 1016 1597 1071 1634; x_wconf 70' lang='grc' dir='ltr'>καὶ</span> <span class='ocrx_word' id='word_1_187' title='bbox 1092 1598 1270 1644; x_wconf 81' lang='grc' dir='ltr'>σταδιαῖος,</span> <span class='ocrx_word' id='word_1_188' title='bbox 1290 1597 1468 1636; x_wconf 84' lang='grc' dir='ltr'>πανοπλίας</span> <span class='ocrx_word' id='word_1_189' title='bbox 1486 1597 1539 1632; x_wconf 81' lang='grc' dir='ltr'>ἐν-</span> 
     </span>
     <span class='ocr_line' id='line_1_23' title="bbox 604 1650 1542 1702; baseline -0.004 -12"><span class='ocrx_word' id='word_1_190' title='bbox 604 1652 768 1702; x_wconf 79' lang='grc' dir='ltr'>δεδυμένοι</span> <span class='ocrx_word' id='word_1_191' title='bbox 780 1653 844 1689; x_wconf 79' lang='grc' dir='ltr'>ἀπὸ</span> <span class='ocrx_word' id='word_1_192' title='bbox 853 1656 912 1696; x_wconf 71' lang='grc' dir='ltr'>τῆς</span> <span class='ocrx_word' id='word_1_193' title='bbox 926 1650 1096 1702; x_wconf 72' lang='grc' dir='ltr'>ἀφετηρίας</span> <span class='ocrx_word' id='word_1_194' title='bbox 1113 1650 1241 1699; x_wconf 80' lang='grc' dir='ltr'>ἔτρεχον</span> <span class='ocrx_word' id='word_1_195' title='bbox 1256 1650 1311 1686; x_wconf 79' lang='grc' dir='ltr'>καὶ</span> <span class='ocrx_word' id='word_1_196' title='bbox 1330 1652 1426 1700; x_wconf 63' lang='grc' dir='ltr'>μέχρι</span> <span class='ocrx_word' id='word_1_197' title='bbox 1443 1650 1542 1698; x_wconf 89' lang='grc' dir='ltr'>νόμου</span> 
     </span>
     <span class='ocr_line' id='line_1_24' title="bbox 603 1704 1543 1758; baseline -0.005 -14"><span class='ocrx_word' id='word_1_198' title='bbox 603 1710 802 1758; x_wconf 78' lang='grc' dir='ltr'>καμπιῆρος.</span> <span class='ocrx_word' id='word_1_199' title='bbox 817 1709 846 1743; x_wconf 80' lang='grc' dir='ltr'>οἱ</span> <span class='ocrx_word' id='word_1_200' title='bbox 859 1705 893 1742; x_wconf 86' lang='grc' dir='ltr'>δὲ</span> <span class='ocrx_word' id='word_1_201' title='bbox 910 1705 962 1741; x_wconf 81' lang='grc' dir='ltr'>τὸν</span> <span class='ocrx_word' id='word_1_202' title='bbox 979 1705 1104 1741; x_wconf 77' lang='grc' dir='ltr'>δίαυλον</span> <span class='ocrx_word' id='word_1_203' title='bbox 1120 1704 1242 1745; x_wconf 84' lang='grc' dir='ltr'>θέοντες</span> <span class='ocrx_word' id='word_1_204' title='bbox 1254 1705 1290 1740; x_wconf 86' lang='grc' dir='ltr'>οὗ</span> <span class='ocrx_word' id='word_1_205' title='bbox 1301 1704 1480 1744; x_wconf 82' lang='grc' dir='ltr'>πανοπλίας</span> <span class='ocrx_word' id='word_1_206' title='bbox 1493 1706 1543 1740; x_wconf 79' lang='grc' dir='ltr'>ἐν-</span> 
     </span>
     <span class='ocr_line' id='line_1_25' title="bbox 604 1758 1542 1809; baseline -0.001 -12"><span class='ocrx_word' id='word_1_207' title='bbox 604 1760 768 1809; x_wconf 81' lang='grc' dir='ltr'>δεδυμένοι</span> <span class='ocrx_word' id='word_1_208' title='bbox 780 1789 789 1804; x_wconf 91' lang='grc'>,</span> <span class='ocrx_word' id='word_1_209' title='bbox 808 1759 905 1807; x_wconf 89' lang='grc' dir='ltr'>μόνας</span> <span class='ocrx_word' id='word_1_210' title='bbox 923 1758 957 1795; x_wconf 86' lang='grc' dir='ltr'>δὲ</span> <span class='ocrx_word' id='word_1_211' title='bbox 978 1760 1118 1799; x_wconf 81' lang='grc' dir='ltr'>ἀσπίδας</span> <span class='ocrx_word' id='word_1_212' title='bbox 1139 1759 1192 1795; x_wconf 71' lang='grc' dir='ltr'>καὶ</span> <span class='ocrx_word' id='word_1_213' title='bbox 1213 1758 1464 1809; x_wconf 78' lang='grc' dir='ltr'>περικεφαλαίας</span> <span class='ocrx_word' id='word_1_214' title='bbox 1487 1759 1542 1796; x_wconf 75' lang='grc' dir='ltr'>καὶ</span> 
     </span>
     <span class='ocr_line' id='line_1_26' title="bbox 604 1812 1543 1865; baseline -0.002 -15"><span class='ocrx_word' id='word_1_215' title='bbox 604 1814 677 1865; x_wconf 89' lang='grc' dir='ltr'>δόρυ</span> <span class='ocrx_word' id='word_1_216' title='bbox 691 1812 880 1862; x_wconf 73' lang='grc' dir='ltr'>κατέχοντες</span> <span class='ocrx_word' id='word_1_217' title='bbox 896 1812 960 1849; x_wconf 79' lang='grc' dir='ltr'>ἀπὸ</span> <span class='ocrx_word' id='word_1_218' title='bbox 976 1812 1124 1861; x_wconf 72' lang='grc' dir='ltr'>βαλὸίδος</span> <span class='ocrx_word' id='word_1_219' title='bbox 1136 1819 1233 1864; x_wconf 65' lang='grc' dir='ltr'>μέχρι</span> <span class='ocrx_word' id='word_1_220' title='bbox 1243 1816 1434 1862; x_wconf 75' lang='grc' dir='ltr'>καμπτῆρος</span> <span class='ocrx_word' id='word_1_221' title='bbox 1448 1812 1543 1861; x_wconf 77' lang='grc' dir='ltr'>ἀνῄε·</span> 
     </span>
     <span class='ocr_line' id='line_1_27' title="bbox 604 1866 1543 1917; baseline -0.002 -13"><span class='ocrx_word' id='word_1_222' title='bbox 604 1883 662 1905; x_wconf 87' lang='grc' dir='ltr'>σαν</span> <span class='ocrx_word' id='word_1_223' title='bbox 681 1870 743 1903; x_wconf 85' lang='grc' dir='ltr'>κάκ</span> <span class='ocrx_word' id='word_1_224' title='bbox 757 1871 813 1903; x_wconf 80' lang='grc' dir='ltr'>τοῦ</span> <span class='ocrx_word' id='word_1_225' title='bbox 826 1870 1014 1916; x_wconf 62' lang='grc' dir='ltr'>καμπτῆρος</span> <span class='ocrx_word' id='word_1_226' title='bbox 1024 1866 1121 1903; x_wconf 79' lang='grc' dir='ltr'>πάλιν</span> <span class='ocrx_word' id='word_1_227' title='bbox 1131 1868 1176 1908; x_wconf 80' lang='grc' dir='ltr'>είς</span> <span class='ocrx_word' id='word_1_228' title='bbox 1186 1866 1246 1910; x_wconf 77' lang='grc' dir='ltr'>τὴν</span> <span class='ocrx_word' id='word_1_229' title='bbox 1262 1866 1436 1917; x_wconf 77' lang='grc' dir='ltr'>ἀφετηρίαν</span> <span class='ocrx_word' id='word_1_230' title='bbox 1448 1866 1543 1902; x_wconf 72' lang='grc' dir='ltr'>κατί-</span> 
     </span>
     <span class='ocr_line' id='line_1_28' title="bbox 604 1920 1540 1970; baseline -0.001 -12"><span class='ocrx_word' id='word_1_231' title='bbox 604 1925 683 1960; x_wconf 89' lang='grc' dir='ltr'>θεον.</span> <span class='ocrx_word' id='word_1_232' title='bbox 702 1924 730 1958; x_wconf 76' lang='grc' dir='ltr'>οἱ</span> <span class='ocrx_word' id='word_1_233' title='bbox 747 1923 1047 1970; x_wconf 82' lang='grc' dir='ltr'>δολιχοδρομοῦντες</span> <span class='ocrx_word' id='word_1_234' title='bbox 1064 1920 1098 1956; x_wconf 80' lang='grc' dir='ltr'>δὲ</span> <span class='ocrx_word' id='word_1_235' title='bbox 1115 1921 1216 1970; x_wconf 81' lang='grc' dir='ltr'>ψιλῶς</span> <span class='ocrx_word' id='word_1_236' title='bbox 1235 1920 1436 1970; x_wconf 76' lang='grc' dir='ltr'>ἑπτάδρομον</span> <span class='ocrx_word' id='word_1_237' title='bbox 1450 1923 1540 1957; x_wconf 83' lang='grc' dir='ltr'>ἐποι-</span> 
     </span>
     <span class='ocr_line' id='line_1_29' title="bbox 604 1973 1543 2025; baseline -0.004 -11"><span class='ocrx_word' id='word_1_238' title='bbox 604 1981 694 2014; x_wconf 76' lang='grc' dir='ltr'>οῦντο</span> <span class='ocrx_word' id='word_1_239' title='bbox 706 1975 760 2012; x_wconf 83' lang='grc' dir='ltr'>τὸν</span> <span class='ocrx_word' id='word_1_240' title='bbox 777 1976 893 2025; x_wconf 77' lang='grc' dir='ltr'>δρόμον</span> <span class='ocrx_word' id='word_1_241' title='bbox 904 2003 913 2019; x_wconf 94' lang='grc'>,</span> <span class='ocrx_word' id='word_1_242' title='bbox 931 1975 997 2025; x_wconf 78' lang='grc' dir='ltr'>τρὶς</span> <span class='ocrx_word' id='word_1_243' title='bbox 1011 1973 1070 2023; x_wconf 80' lang='grc' dir='ltr'>μὲν</span> <span class='ocrx_word' id='word_1_244' title='bbox 1086 1974 1222 2014; x_wconf 82' lang='grc' dir='ltr'>ἀνιόντες</span> <span class='ocrx_word' id='word_1_245' title='bbox 1231 2002 1241 2020; x_wconf 88' lang='grc'>,</span> <span class='ocrx_word' id='word_1_246' title='bbox 1254 1974 1322 2024; x_wconf 72' lang='grc' dir='ltr'>τρὶς</span> <span class='ocrx_word' id='word_1_247' title='bbox 1333 1973 1367 2010; x_wconf 76' lang='grc' dir='ltr'>δὲ</span> <span class='ocrx_word' id='word_1_248' title='bbox 1382 1973 1543 2015; x_wconf 76' lang='grc' dir='ltr'>κατιόντες</span> 
     </span>
     <span class='ocr_line' id='line_1_30' title="bbox 604 2027 1543 2080; baseline -0.003 -14"><span class='ocrx_word' id='word_1_249' title='bbox 604 2031 659 2066; x_wconf 74' lang='grc' dir='ltr'>καὶ</span> <span class='ocrx_word' id='word_1_250' title='bbox 675 2029 754 2080; x_wconf 82' lang='grc' dir='ltr'>πρὸς</span> <span class='ocrx_word' id='word_1_251' title='bbox 766 2030 821 2066; x_wconf 81' lang='grc' dir='ltr'>τὸν</span> <span class='ocrx_word' id='word_1_252' title='bbox 841 2032 1019 2078; x_wconf 73' lang='grc' dir='ltr'>καμπτῆρα</span> <span class='ocrx_word' id='word_1_253' title='bbox 1030 2029 1083 2065; x_wconf 85' lang='grc' dir='ltr'>τὸν</span> <span class='ocrx_word' id='word_1_254' title='bbox 1097 2027 1232 2076; x_wconf 73' lang='grc' dir='ltr'>ἕὸδομον</span> <span class='ocrx_word' id='word_1_255' title='bbox 1252 2028 1369 2077; x_wconf 85' lang='grc' dir='ltr'>δρόμον</span> <span class='ocrx_word' id='word_1_256' title='bbox 1382 2030 1543 2078; x_wconf 77' lang='grc' dir='ltr'>ἐκτερμα-</span> 
     </span>
     <span class='ocr_line' id='line_1_31' title="bbox 605 2081 1543 2133; baseline -0.002 -14"><span class='ocrx_word' id='word_1_257' title='bbox 605 2088 738 2125; x_wconf 67' lang='grc' dir='ltr'>τοῦντες.</span> <span class='ocrx_word' id='word_1_258' title='bbox 763 2087 793 2120; x_wconf 78' lang='grc' dir='ltr'>οἱ</span> <span class='ocrx_word' id='word_1_259' title='bbox 817 2084 919 2133; x_wconf 75' lang='grc' dir='ltr'>δίφροι</span> <span class='ocrx_word' id='word_1_260' title='bbox 945 2081 978 2118; x_wconf 83' lang='grc' dir='ltr'>δὲ</span> <span class='ocrx_word' id='word_1_261' title='bbox 1000 2082 1055 2118; x_wconf 76' lang='grc' dir='ltr'>καὶ</span> <span class='ocrx_word' id='word_1_262' title='bbox 1077 2082 1118 2118; x_wconf 80' lang='grc' dir='ltr'>τὰ</span> <span class='ocrx_word' id='word_1_263' title='bbox 1144 2081 1274 2129; x_wconf 78' lang='grc' dir='ltr'>ἅρματα</span> <span class='ocrx_word' id='word_1_264' title='bbox 1300 2082 1472 2123; x_wconf 76' lang='grc' dir='ltr'>δωδεκάκις</span> <span class='ocrx_word' id='word_1_265' title='bbox 1486 2081 1543 2123; x_wconf 79' lang='grc' dir='ltr'>τὰς</span> 
     </span>
     <span class='ocr_line' id='line_1_32' title="bbox 605 2136 1454 2186; baseline -0.002 -13"><span class='ocrx_word' id='word_1_266' title='bbox 605 2137 809 2186; x_wconf 80' lang='grc' dir='ltr'>καμπτηρίας</span> <span class='ocrx_word' id='word_1_267' title='bbox 831 2136 967 2173; x_wconf 82' lang='grc' dir='ltr'>ἐποίουν.</span> <span class='ocrx_word' id='word_1_268' title='bbox 981 2164 1021 2171; x_wconf 85' lang='grc'>.-</span> <span class='ocrx_word' id='word_1_269' title='bbox 1037 2137 1082 2171; x_wconf 78' lang='lat'>28</span> <span class='ocrx_word' id='word_1_270' title='bbox 1098 2137 1115 2172; x_wconf 83' lang='grc' dir='ltr'><strong>ὃ</strong></span> <span class='ocrx_word' id='word_1_271' title='bbox 1131 2136 1204 2172; x_wconf 84' lang='grc' dir='ltr'>ὁπλ.</span> <span class='ocrx_word' id='word_1_272' title='bbox 1220 2138 1454 2172; x_wconf 83' lang='lat' dir='ltr'><strong>Hermannus.</strong></span> 
     </span>
    </p>

    <p class='ocr_par' dir='ltr' id='par_1_6' title="bbox 608 2187 1544 2281">
     <span class='ocr_line' id='line_1_33' title="bbox 656 2187 1544 2237; baseline 0 -11"><span class='ocrx_word' id='word_1_273' title='bbox 656 2193 698 2226; x_wconf 85' lang='lat'>30</span> <span class='ocrx_word' id='word_1_274' title='bbox 727 2195 769 2226; x_wconf 88' lang='lat' dir='ltr'>R.</span> <span class='ocrx_word' id='word_1_275' title='bbox 799 2191 905 2226; x_wconf 72' lang='lat' dir='ltr'>habet</span> <span class='ocrx_word' id='word_1_276' title='bbox 925 2188 1087 2226; x_wconf 77' lang='grc' dir='ltr'>κατέλαὸέ</span> <span class='ocrx_word' id='word_1_277' title='bbox 1100 2203 1140 2237; x_wconf 86' lang='grc' dir='ltr'>με</span> <span class='ocrx_word' id='word_1_278' title='bbox 1160 2189 1191 2225; x_wconf 86' lang='grc' dir='ltr'>τί</span> <span class='ocrx_word' id='word_1_279' title='bbox 1209 2187 1249 2233; x_wconf 81' lang='grc' dir='ltr'>δὴ</span> <span class='ocrx_word' id='word_1_280' title='bbox 1274 2189 1355 2237; x_wconf 79' lang='grc' dir='ltr'>μετὰ</span> <span class='ocrx_word' id='word_1_281' title='bbox 1373 2194 1485 2226; x_wconf 77' lang='grc' dir='ltr'>ταῦτα.</span> <span class='ocrx_word' id='word_1_282' title='bbox 1505 2218 1544 2226; x_wconf 90' lang='lat'>...</span> 
     </span>
     <span class='ocr_line' id='line_1_34' title="bbox 608 2244 765 2281; baseline -0.006 0"><span class='ocrx_word' id='word_1_283' title='bbox 608 2248 651 2281; x_wconf 73' lang='lat'>38</span> <span class='ocrx_word' id='word_1_284' title='bbox 672 2244 705 2280; x_wconf 84' lang='grc' dir='ltr'>δὲ</span> <span class='ocrx_word' id='word_1_285' title='bbox 723 2246 765 2281; x_wconf 89' lang='grc' dir='ltr'>Θ.</span> 
     </span>
    </p>

    <p class='ocr_par' dir='ltr' id='par_1_7' title="bbox 602 2296 1544 2561">
     <span class='ocr_line' id='line_1_35' title="bbox 657 2296 1544 2348; baseline 0 -14"><span class='ocrx_word' id='word_1_286' title='bbox 657 2301 718 2342; x_wconf 86' lang='grc'>31,</span> <span class='ocrx_word' id='word_1_287' title='bbox 743 2304 782 2340; x_wconf 89' lang='grc'>41</span> <span class='ocrx_word' id='word_1_288' title='bbox 813 2297 963 2348; x_wconf 80' lang='grc' dir='ltr'>φρίσκους</span> <span class='ocrx_word' id='word_1_289' title='bbox 988 2297 1080 2332; x_wconf 83' lang='grc' dir='ltr'>καλεῖ</span> <span class='ocrx_word' id='word_1_290' title='bbox 1097 2299 1138 2332; x_wconf 81' lang='lat' dir='ltr'>R.</span> <span class='ocrx_word' id='word_1_291' title='bbox 1158 2325 1197 2332; x_wconf 83' lang='grc'>-</span> <span class='ocrx_word' id='word_1_292' title='bbox 1220 2303 1263 2339; x_wconf 67' lang='grc'>42</span> <span class='ocrx_word' id='word_1_293' title='bbox 1282 2296 1331 2346; x_wconf 75' lang='grc' dir='ltr'>ἐφ’</span> <span class='ocrx_word' id='word_1_294' title='bbox 1347 2296 1364 2333; x_wconf 87' lang='grc' dir='ltr'>ὃ</span> <span class='ocrx_word' id='word_1_295' title='bbox 1379 2300 1429 2341; x_wconf 77' lang='grc' dir='ltr'>ἦν.</span> <span class='ocrx_word' id='word_1_296' title='bbox 1448 2301 1490 2334; x_wconf 83' lang='lat' dir='ltr'>R.</span> <span class='ocrx_word' id='word_1_297' title='bbox 1504 2327 1544 2335; x_wconf 88' lang='lat'>...</span> 
     </span>
     <span class='ocr_line' id='line_1_36' title="bbox 609 2350 1544 2398; baseline 0.002 -13"><span class='ocrx_word' id='word_1_298' title='bbox 609 2354 664 2395; x_wconf 72' lang='grc'>43,</span> <span class='ocrx_word' id='word_1_299' title='bbox 686 2359 728 2394; x_wconf 85' lang='grc'>44</span> <span class='ocrx_word' id='word_1_300' title='bbox 746 2359 840 2386; x_wconf 77' lang='lat' dir='ltr'>recte</span> <span class='ocrx_word' id='word_1_301' title='bbox 856 2351 984 2398; x_wconf 81' lang='lat' dir='ltr'>legitur</span> <span class='ocrx_word' id='word_1_302' title='bbox 1005 2352 1041 2385; x_wconf 82' lang='lat' dir='ltr'>in</span> <span class='ocrx_word' id='word_1_303' title='bbox 1059 2353 1099 2385; x_wconf 91' lang='lat' dir='ltr'>V.</span> <span class='ocrx_word' id='word_1_304' title='bbox 1114 2359 1147 2386; x_wconf 76' lang='lat' dir='ltr'>et</span> <span class='ocrx_word' id='word_1_305' title='bbox 1163 2350 1259 2398; x_wconf 83' lang='lat' dir='ltr'>apud</span> <span class='ocrx_word' id='word_1_306' title='bbox 1271 2350 1428 2395; x_wconf 85' lang='lat' dir='ltr'>Suidam,</span> <span class='ocrx_word' id='word_1_307' title='bbox 1447 2351 1498 2387; x_wconf 83' lang='grc' dir='ltr'>διὰ</span> <span class='ocrx_word' id='word_1_308' title='bbox 1507 2350 1544 2387; x_wconf 85' lang='grc' dir='ltr'>τὸ</span> 
     </span>
     <span class='ocr_line' id='line_1_37' title="bbox 603 2400 1539 2456; baseline -0.001 -15"><span class='ocrx_word' id='word_1_309' title='bbox 603 2405 736 2456; x_wconf 65' lang='grc' dir='ltr'>κούφους</span> <span class='ocrx_word' id='word_1_310' title='bbox 764 2400 845 2442; x_wconf 71' lang='grc' dir='ltr'>εἶναι</span> <span class='ocrx_word' id='word_1_311' title='bbox 861 2404 915 2441; x_wconf 82' lang='grc' dir='ltr'>καὶ</span> <span class='ocrx_word' id='word_1_312' title='bbox 940 2403 1072 2455; x_wconf 84' lang='grc' dir='ltr'>μικρούς</span> <span class='ocrx_word' id='word_1_313' title='bbox 1089 2403 1161 2444; x_wconf 78' lang='grc' dir='ltr'>τοὺς</span> <span class='ocrx_word' id='word_1_314' title='bbox 1185 2405 1422 2451; x_wconf 81' lang='grc' dir='ltr'>ἀγωνιστικοός.</span> <span class='ocrx_word' id='word_1_315' title='bbox 1438 2433 1478 2441; x_wconf 86' lang='grc'>-</span> <span class='ocrx_word' id='word_1_316' title='bbox 1496 2412 1539 2448; x_wconf 90' lang='grc'>44</span> 
     </span>
     <span class='ocr_line' id='line_1_38' title="bbox 603 2457 1541 2508; baseline -0.002 -12"><span class='ocrx_word' id='word_1_317' title='bbox 603 2459 686 2496; x_wconf 80' lang='grc' dir='ltr'>κατὰ</span> <span class='ocrx_word' id='word_1_318' title='bbox 706 2460 759 2496; x_wconf 86' lang='grc' dir='ltr'>τὸν</span> <span class='ocrx_word' id='word_1_319' title='bbox 780 2459 990 2508; x_wconf 83' lang='grc' dir='ltr'>ἀγωνιστικὸν</span> <span class='ocrx_word' id='word_1_320' title='bbox 1006 2459 1051 2495; x_wconf 90' lang='grc' dir='ltr'>Θ.</span> <span class='ocrx_word' id='word_1_321' title='bbox 1068 2487 1107 2494; x_wconf 83' lang='grc'><strong>-</strong></span> <span class='ocrx_word' id='word_1_322' title='bbox 1127 2460 1169 2499; x_wconf 89' lang='grc'>45</span> <span class='ocrx_word' id='word_1_323' title='bbox 1193 2458 1265 2505; x_wconf 82' lang='grc' dir='ltr'>Ἀμ.</span> <span class='ocrx_word' id='word_1_324' title='bbox 1283 2457 1317 2493; x_wconf 75' lang='grc' dir='ltr'>δὲ</span> <span class='ocrx_word' id='word_1_325' title='bbox 1337 2462 1379 2494; x_wconf 90' lang='lat' dir='ltr'>V.</span> <span class='ocrx_word' id='word_1_326' title='bbox 1397 2459 1541 2506; x_wconf 77' lang='grc' dir='ltr'>Ἀμ.’καὶ</span> 
     </span>
     <span class='ocr_line' id='line_1_39' title="bbox 602 2510 1542 2561; baseline -0.001 -11"><span class='ocrx_word' id='word_1_327' title='bbox 602 2510 690 2555; x_wconf 63' lang='grc' dir='ltr'>οὗτος</span> <span class='ocrx_word' id='word_1_328' title='bbox 702 2517 745 2552; x_wconf 91' lang='grc' dir='ltr'>Θ.</span> <span class='ocrx_word' id='word_1_329' title='bbox 759 2541 797 2550; x_wconf 84' lang='grc'>-.</span> <span class='ocrx_word' id='word_1_330' title='bbox 809 2514 857 2561; x_wconf 81' lang='lat'>49</span> <span class='ocrx_word' id='word_1_331' title='bbox 874 2514 1025 2561; x_wconf 81' lang='grc' dir='ltr'>Ἀμυνίας</span> <span class='ocrx_word' id='word_1_332' title='bbox 1035 2514 1079 2550; x_wconf 90' lang='grc' dir='ltr'>Θ.</span> <span class='ocrx_word' id='word_1_333' title='bbox 1095 2512 1252 2559; x_wconf 81' lang='grc' dir='ltr'>Ἀμεινίας</span> <span class='ocrx_word' id='word_1_334' title='bbox 1264 2515 1321 2556; x_wconf 78' lang='grc' dir='ltr'>τῆς</span> <span class='ocrx_word' id='word_1_335' title='bbox 1333 2516 1374 2548; x_wconf 90' lang='lat' dir='ltr'>V.</span> <span class='ocrx_word' id='word_1_336' title='bbox 1392 2517 1447 2548; x_wconf 83' lang='grc' dir='ltr'>τοῦ</span> <span class='ocrx_word' id='word_1_337' title='bbox 1459 2514 1542 2550; x_wconf 88' lang='lat' dir='ltr'>Din-</span> 
     </span>
    </p>
   </div>
   <div class='ocr_carea' id='block_1_3' title="bbox 603 2571 1543 3243">
    <p class='ocr_par' dir='ltr' id='par_1_8' title="bbox 603 2571 1542 3009">
     <span class='ocr_line' id='line_1_40' title="bbox 1325 2571 1348 2591; baseline 0 0"><span class='ocrx_word' id='word_1_338' title='bbox 1325 2571 1348 2591; x_wconf 87' lang='grc' dir='ltr'>π</span> 
     </span>
     <span class='ocr_line' id='line_1_41' title="bbox 605 2598 1538 2648; baseline 0.001 -13"><span class='ocrx_word' id='word_1_339' title='bbox 605 2602 749 2636; x_wconf 77' lang='lat' dir='ltr'><strong>dorfius.</strong></span> <span class='ocrx_word' id='word_1_340' title='bbox 759 2601 837 2635; x_wconf 76' lang='lat' dir='ltr'><strong>Ald.</strong></span> <span class='ocrx_word' id='word_1_341' title='bbox 847 2599 990 2647; x_wconf 81' lang='grc' dir='ltr'>Ἀμινίας</span> <span class='ocrx_word' id='word_1_342' title='bbox 1004 2599 1189 2648; x_wconf 85' lang='grc' dir='ltr'>Προνάπου.</span> <span class='ocrx_word' id='word_1_343' title='bbox 1204 2600 1247 2635; x_wconf 86' lang='grc' dir='ltr'>Θ.</span> <span class='ocrx_word' id='word_1_344' title='bbox 1261 2598 1355 2634; x_wconf 81' lang='grc' dir='ltr'>πυνά.</span> <span class='ocrx_word' id='word_1_345' title='bbox 1371 2627 1404 2635; x_wconf 89' lang='lat'>...</span> <span class='ocrx_word' id='word_1_346' title='bbox 1424 2601 1538 2636; x_wconf 79' lang='lat'><strong>50-53</strong></span> 
     </span>
     <span class='ocr_line' id='line_1_42' title="bbox 603 2646 1541 2704; baseline 0.001 -15"><span class='ocrx_word' id='word_1_347' title='bbox 603 2654 683 2689; x_wconf 85' lang='lat' dir='ltr'><strong>Ald.</strong></span> <span class='ocrx_word' id='word_1_348' title='bbox 704 2662 738 2688; x_wconf 81' lang='lat' dir='ltr'>et</span> <span class='ocrx_word' id='word_1_349' title='bbox 757 2655 799 2690; x_wconf 88' lang='grc' dir='ltr'>Θ.</span> <span class='ocrx_word' id='word_1_350' title='bbox 820 2668 828 2688; x_wconf 94' lang='lat'><strong>:</strong></span> <span class='ocrx_word' id='word_1_351' title='bbox 847 2654 966 2689; x_wconf 83' lang='grc' dir='ltr'>ἐκεῖνον</span> <span class='ocrx_word' id='word_1_352' title='bbox 985 2646 1039 2688; x_wconf 63' lang='grc' dir='ltr'>οὖν</span> <span class='ocrx_word' id='word_1_353' title='bbox 1059 2654 1240 2702; x_wconf 81' lang='grc' dir='ltr'>ἐπισκῶψαι</span> <span class='ocrx_word' id='word_1_354' title='bbox 1266 2652 1418 2698; x_wconf 71' lang='grc' dir='ltr'>θελήσας,</span> <span class='ocrx_word' id='word_1_355' title='bbox 1437 2653 1541 2704; x_wconf 74' lang='grc' dir='ltr'>παρί-</span> 
     </span>
     <span class='ocr_line' id='line_1_43' title="bbox 604 2705 1539 2755; baseline 0.001 -14"><span class='ocrx_word' id='word_1_356' title='bbox 604 2708 699 2755; x_wconf 74' lang='grc' dir='ltr'>τρεψε</span> <span class='ocrx_word' id='word_1_357' title='bbox 723 2705 760 2740; x_wconf 86' lang='grc' dir='ltr'>τὸ</span> <span class='ocrx_word' id='word_1_358' title='bbox 782 2719 792 2740; x_wconf 91' lang='grc' dir='ltr'>ι</span> <span class='ocrx_word' id='word_1_359' title='bbox 819 2706 862 2746; x_wconf 76' lang='grc' dir='ltr'>εἰς</span> <span class='ocrx_word' id='word_1_360' title='bbox 883 2705 921 2742; x_wconf 77' lang='grc' dir='ltr'>τὸ</span> <span class='ocrx_word' id='word_1_361' title='bbox 940 2720 977 2750; x_wconf 95' lang='grc' dir='ltr'>υ,</span> <span class='ocrx_word' id='word_1_362' title='bbox 999 2705 1055 2740; x_wconf 78' lang='grc' dir='ltr'>καὶ</span> <span class='ocrx_word' id='word_1_363' title='bbox 1079 2706 1367 2755; x_wconf 86' lang='grc' dir='ltr'>παρεγραμμάτισε</span> <span class='ocrx_word' id='word_1_364' title='bbox 1393 2707 1539 2753; x_wconf 87' lang='grc' dir='ltr'>γελοίως·</span> 
     </span>
     <span class='ocr_line' id='line_1_44' title="bbox 606 2758 1542 2808; baseline 0.002 -14"><span class='ocrx_word' id='word_1_365' title='bbox 606 2759 673 2794; x_wconf 78' lang='grc' dir='ltr'>ἐπεὶ</span> <span class='ocrx_word' id='word_1_366' title='bbox 691 2758 780 2807; x_wconf 79' lang='grc' dir='ltr'>παρὰ</span> <span class='ocrx_word' id='word_1_367' title='bbox 794 2763 859 2799; x_wconf 86' lang='grc' dir='ltr'>τοῖς</span> <span class='ocrx_word' id='word_1_368' title='bbox 873 2758 1050 2802; x_wconf 78' lang='grc' dir='ltr'>Ἀθηναίοις</span> <span class='ocrx_word' id='word_1_369' title='bbox 1061 2761 1079 2794; x_wconf 80' lang='grc' dir='ltr'><strong>ὁ</strong></span> <span class='ocrx_word' id='word_1_370' title='bbox 1089 2759 1185 2806; x_wconf 87' lang='grc' dir='ltr'>νόμος</span> <span class='ocrx_word' id='word_1_371' title='bbox 1200 2761 1339 2808; x_wconf 73' lang='grc' dir='ltr'>φανερῶς</span> <span class='ocrx_word' id='word_1_372' title='bbox 1351 2760 1434 2806; x_wconf 78' lang='grc' dir='ltr'>(ἐπεὶ</span> <span class='ocrx_word' id='word_1_373' title='bbox 1446 2760 1542 2807; x_wconf 85' lang='grc' dir='ltr'>νόμος</span> 
     </span>
     <span class='ocr_line' id='line_1_45' title="bbox 603 2810 1541 2864; baseline 0.003 -18"><span class='ocrx_word' id='word_1_374' title='bbox 603 2826 639 2847; x_wconf 91' lang='grc' dir='ltr'>π.</span> <span class='ocrx_word' id='word_1_375' title='bbox 653 2810 763 2847; x_wconf 55' lang='lat' dir='ltr'><strong>ron.</strong></span> <span class='ocrx_word' id='word_1_376' title='bbox 779 2810 825 2858; x_wconf 74' lang='grc' dir='ltr'>μὴ</span> <span class='ocrx_word' id='word_1_377' title='bbox 839 2814 982 2860; x_wconf 76' lang='grc' dir='ltr'>φανερῶς</span> <span class='ocrx_word' id='word_1_378' title='bbox 996 2813 1054 2858; x_wconf 88' lang='grc' dir='ltr'>Θ.)</span> <span class='ocrx_word' id='word_1_379' title='bbox 1071 2810 1190 2847; x_wconf 75' lang='grc' dir='ltr'>ἐκώλυε</span> <span class='ocrx_word' id='word_1_380' title='bbox 1204 2812 1257 2848; x_wconf 81' lang='grc' dir='ltr'>τὸν</span> <span class='ocrx_word' id='word_1_381' title='bbox 1270 2812 1409 2862; x_wconf 86' lang='grc' dir='ltr'>ἄρχοντα</span> <span class='ocrx_word' id='word_1_382' title='bbox 1423 2828 1541 2864; x_wconf 79' lang='grc' dir='ltr'>κωμῳ-</span> 
     </span>
     <span class='ocr_line' id='line_1_46' title="bbox 605 2858 1541 2914; baseline 0.003 -14"><span class='ocrx_word' id='word_1_383' title='bbox 605 2865 680 2900; x_wconf 81' lang='grc' dir='ltr'>δεῖν.</span> <span class='ocrx_word' id='word_1_384' title='bbox 709 2863 859 2911; x_wconf 80' lang='grc' dir='ltr'>Ἀμυνίαν</span> <span class='ocrx_word' id='word_1_385' title='bbox 883 2862 917 2899; x_wconf 81' lang='grc' dir='ltr'>δὲ</span> <span class='ocrx_word' id='word_1_386' title='bbox 933 2865 1027 2901; x_wconf 76' lang='grc' dir='ltr'>αὐτὸν</span> <span class='ocrx_word' id='word_1_387' title='bbox 1045 2858 1131 2900; x_wconf 65' lang='grc' dir='ltr'>εἶπεν</span> <span class='ocrx_word' id='word_1_388' title='bbox 1149 2864 1219 2900; x_wconf 77' lang='grc' dir='ltr'>ἀντὶ</span> <span class='ocrx_word' id='word_1_389' title='bbox 1240 2868 1295 2900; x_wconf 77' lang='grc' dir='ltr'>τοῦ</span> <span class='ocrx_word' id='word_1_390' title='bbox 1316 2865 1459 2913; x_wconf 79' lang='grc' dir='ltr'>Ἄμινίαν</span> <span class='ocrx_word' id='word_1_391' title='bbox 1476 2867 1541 2914; x_wconf 77' lang='grc' dir='ltr'>(διὰ</span> 
     </span>
     <span class='ocr_line' id='line_1_47' title="bbox 604 2914 1541 2968; baseline 0.001 -13"><span class='ocrx_word' id='word_1_392' title='bbox 604 2922 696 2955; x_wconf 78' lang='grc' dir='ltr'>τοῦτο</span> <span class='ocrx_word' id='word_1_393' title='bbox 718 2918 774 2954; x_wconf 76' lang='grc' dir='ltr'>καὶ</span> <span class='ocrx_word' id='word_1_394' title='bbox 796 2917 944 2965; x_wconf 83' lang='grc' dir='ltr'>Ἀμυνίας</span> <span class='ocrx_word' id='word_1_395' title='bbox 968 2914 1054 2955; x_wconf 75' lang='grc' dir='ltr'>εἶπεν</span> <span class='ocrx_word' id='word_1_396' title='bbox 1075 2921 1133 2955; x_wconf 79' lang='grc' dir='ltr'>οὐκ</span> <span class='ocrx_word' id='word_1_397' title='bbox 1153 2919 1304 2966; x_wconf 80' lang='grc' dir='ltr'>Ἀμυνίαν</span> <span class='ocrx_word' id='word_1_398' title='bbox 1321 2919 1397 2967; x_wconf 80' lang='lat' dir='ltr'>[sic]</span> <span class='ocrx_word' id='word_1_399' title='bbox 1415 2922 1484 2968; x_wconf 78' lang='grc'>9.).</span> <span class='ocrx_word' id='word_1_400' title='bbox 1503 2948 1541 2956; x_wconf 88' lang='grc'>.-</span> 
     </span>
     <span class='ocr_line' id='line_1_48' title="bbox 607 2972 882 3009; baseline -0.007 0"><span class='ocrx_word' id='word_1_401' title='bbox 607 2974 649 3009; x_wconf 83' lang='lat'>51</span> <span class='ocrx_word' id='word_1_402' title='bbox 666 2972 825 3008; x_wconf 75' lang='grc' dir='ltr'>ἐκώλυσεν</span> <span class='ocrx_word' id='word_1_403' title='bbox 840 2976 882 3007; x_wconf 89' lang='lat' dir='ltr'>G.</span> 
     </span>
    </p>

    <p class='ocr_par' dir='ltr' id='par_1_9' title="bbox 603 3031 1543 3243">
     <span class='ocr_line' id='line_1_49' title="bbox 655 3031 1541 3076; baseline 0.003 -8"><span class='ocrx_word' id='word_1_404' title='bbox 655 3034 698 3068; x_wconf 81' lang='lat'>32</span> <span class='ocrx_word' id='word_1_405' title='bbox 722 3033 830 3068; x_wconf 86' lang='lat' dir='ltr'>habet</span> <span class='ocrx_word' id='word_1_406' title='bbox 854 3033 896 3068; x_wconf 91' lang='grc' dir='ltr'>Θ.</span> <span class='ocrx_word' id='word_1_407' title='bbox 918 3032 963 3071; x_wconf 82' lang='grc' dir='ltr'>εἰς</span> <span class='ocrx_word' id='word_1_408' title='bbox 984 3031 1126 3067; x_wconf 83' lang='grc' dir='ltr'>τούπίσω</span> <span class='ocrx_word' id='word_1_409' title='bbox 1148 3057 1194 3064; x_wconf 89' lang='grc'>--</span> <span class='ocrx_word' id='word_1_410' title='bbox 1211 3033 1275 3069; x_wconf 78' lang='grc' dir='ltr'>ἀπὸ</span> <span class='ocrx_word' id='word_1_411' title='bbox 1305 3037 1361 3070; x_wconf 81' lang='grc' dir='ltr'>τοῦ</span> <span class='ocrx_word' id='word_1_412' title='bbox 1378 3034 1478 3076; x_wconf 82' lang='grc' dir='ltr'>ἁλίζω</span> <span class='ocrx_word' id='word_1_413' title='bbox 1505 3036 1541 3071; x_wconf 82' lang='grc' dir='ltr'>τὸ</span> 
     </span>
     <span class='ocr_line' id='line_1_50' title="bbox 603 3086 1543 3138; baseline -0.001 -13"><span class='ocrx_word' id='word_1_414' title='bbox 603 3086 809 3138; x_wconf 80' lang='grc' dir='ltr'>συναθροίζω.</span> <span class='ocrx_word' id='word_1_415' title='bbox 824 3086 883 3122; x_wconf 77' lang='grc' dir='ltr'>οὐκ</span> <span class='ocrx_word' id='word_1_416' title='bbox 896 3086 1067 3130; x_wconf 80' lang='grc' dir='ltr'>ἠλισθῆναι</span> <span class='ocrx_word' id='word_1_417' title='bbox 1080 3086 1235 3132; x_wconf 84' lang='grc' dir='ltr'>ποιήσας,</span> <span class='ocrx_word' id='word_1_418' title='bbox 1250 3086 1293 3128; x_wconf 81' lang='grc' dir='ltr'>ὥς</span> <span class='ocrx_word' id='word_1_419' title='bbox 1303 3087 1386 3129; x_wconf 76' lang='grc' dir='ltr'>τινές</span> <span class='ocrx_word' id='word_1_420' title='bbox 1397 3103 1486 3138; x_wconf 78' lang='grc' dir='ltr'>φασι.</span> <span class='ocrx_word' id='word_1_421' title='bbox 1503 3116 1543 3125; x_wconf 83' lang='grc'>..</span> 
     </span>
     <span class='ocr_line' id='line_1_51' title="bbox 606 3140 1542 3190; baseline 0 -13"><span class='ocrx_word' id='word_1_422' title='bbox 606 3150 644 3187; x_wconf 88' lang='grc'>4,</span> <span class='ocrx_word' id='word_1_423' title='bbox 664 3144 683 3177; x_wconf 77' lang='lat'><strong>5</strong></span> <span class='ocrx_word' id='word_1_424' title='bbox 699 3144 889 3177; x_wconf 83' lang='lat' dir='ltr'><strong>Hermann.</strong></span> <span class='ocrx_word' id='word_1_425' title='bbox 897 3167 908 3184; x_wconf 93' lang='lat'>,</span> <span class='ocrx_word' id='word_1_426' title='bbox 933 3140 1181 3190; x_wconf 71' lang='grc' dir='ltr'>«ἀλινδήθρας»,</span> <span class='ocrx_word' id='word_1_427' title='bbox 1204 3141 1244 3177; x_wconf 77' lang='grc' dir='ltr'>τὰ</span> <span class='ocrx_word' id='word_1_428' title='bbox 1267 3143 1375 3189; x_wconf 80' lang='grc' dir='ltr'>ἐγκυλ.</span> <span class='ocrx_word' id='word_1_429' title='bbox 1403 3143 1542 3178; x_wconf 79' lang='lat' dir='ltr'>Deinde</span> 
     </span>
     <span class='ocr_line' id='line_1_52' title="bbox 604 3193 1467 3243; baseline 0.001 -12"><span class='ocrx_word' id='word_1_430' title='bbox 604 3196 736 3235; x_wconf 80' lang='grc' dir='ltr'>κυλίσας</span> <span class='ocrx_word' id='word_1_431' title='bbox 751 3195 871 3243; x_wconf 83' lang='lat' dir='ltr'><strong>posuit</strong></span> <span class='ocrx_word' id='word_1_432' title='bbox 890 3193 1117 3242; x_wconf 75' lang='lat' dir='ltr'>Dindorfiu33</span> <span class='ocrx_word' id='word_1_433' title='bbox 1138 3195 1251 3231; x_wconf 80' lang='lat' dir='ltr'>codex</span> <span class='ocrx_word' id='word_1_434' title='bbox 1267 3198 1467 3239; x_wconf 79' lang='grc' dir='ltr'>κυλισθῆναι.</span> 
     </span>
    </p>
   </div>
   <div class='ocr_carea' id='block_1_4' title="bbox 653 3252 1515 3305">
    <p class='ocr_par' dir='ltr' id='par_1_10' title="bbox 653 3252 1515 3305">
     <span class='ocr_line' id='line_1_53' title="bbox 653 3252 1515 3305; baseline 0.001 -15"><span class='ocrx_word' id='word_1_435' title='bbox 653 3256 696 3290; x_wconf 83' lang='lat'>33</span> <span class='ocrx_word' id='word_1_436' title='bbox 727 3255 762 3289; x_wconf 88' lang='lat' dir='ltr'>in</span> <span class='ocrx_word' id='word_1_437' title='bbox 780 3255 823 3291; x_wconf 87' lang='grc' dir='ltr'>Θ.</span> <span class='ocrx_word' id='word_1_438' title='bbox 843 3255 967 3302; x_wconf 83' lang='lat' dir='ltr'>glossae</span> <span class='ocrx_word' id='word_1_439' title='bbox 977 3252 1235 3297; x_wconf 72' lang='grc' dir='ltr'>εωηεέξέὸαλε.</span> <span class='ocrx_word' id='word_1_440' title='bbox 1305 3255 1515 3305; x_wconf 83' lang='grc' dir='ltr'>πραγμάτων.</span> 
     </span>
    </p>
   </div>
   <div class='ocr_carea' id='block_1_5' title="bbox 604 3301 1543 3401">
    <p class='ocr_par' dir='ltr' id='par_1_11' title="bbox 604 3301 1543 3401">
     <span class='ocr_line' id='line_1_54' title="bbox 604 3301 1543 3359; baseline 0.003 -17"><span class='ocrx_word' id='word_1_441' title='bbox 604 3306 675 3343; x_wconf 77' lang='grc' dir='ltr'>ἀλλ’</span> <span class='ocrx_word' id='word_1_442' title='bbox 692 3301 719 3341; x_wconf 75' lang='grc' dir='ltr'><em>ὦ</em></span> <span class='ocrx_word' id='word_1_443' title='bbox 737 3306 831 3354; x_wconf 79' lang='grc' dir='ltr'>μίλεε</span> <span class='ocrx_word' id='word_1_444' title='bbox 850 3321 858 3343; x_wconf 87' lang='lat'><strong>:</strong></span> <span class='ocrx_word' id='word_1_445' title='bbox 879 3307 958 3344; x_wconf 79' lang='grc' dir='ltr'>Ἀπὸ</span> <span class='ocrx_word' id='word_1_446' title='bbox 970 3310 1030 3344; x_wconf 80' lang='grc' dir='ltr'>τοῦ</span> <span class='ocrx_word' id='word_1_447' title='bbox 1051 3309 1303 3358; x_wconf 77' lang='grc' dir='ltr'>ἀπαγορευτικοῦ</span> <span class='ocrx_word' id='word_1_448' title='bbox 1326 3308 1543 3359; x_wconf 83' lang='grc' dir='ltr'>ἐπιρρήματος</span> 
     </span>
     <span class='ocr_line' id='line_1_55' title="bbox 604 3360 858 3401; baseline 0.004 -6"><span class='ocrx_word' id='word_1_449' title='bbox 604 3360 658 3396; x_wconf 75' lang='grc' dir='ltr'>καὶ</span> <span class='ocrx_word' id='word_1_450' title='bbox 674 3364 730 3395; x_wconf 79' lang='grc' dir='ltr'>τοῦ</span> <span class='ocrx_word' id='word_1_451' title='bbox 743 3360 858 3401; x_wconf 68' lang='grc' dir='ltr'>ἐλέους.</span> 
     </span>
    </p>
   </div>
   <div class='ocr_carea' id='block_1_6' title="bbox 1318 428 1851 467">
    <p class='ocr_par' dir='ltr' id='par_1_12' title="bbox 1318 428 1851 467">
     <span class='ocr_line' id='line_1_56' title="bbox 1318 428 1851 467; baseline -0.006 0"><span class='ocrx_word' id='word_1_452' title='bbox 1318 428 1591 467; x_wconf 81' lang='grc' dir='ltr'>ΑΒΝΟΤΑΤΙΟ</span> <span class='ocrx_word' id='word_1_453' title='bbox 1617 428 1663 464; x_wconf 82' lang='lat' dir='ltr'>IN</span> <span class='ocrx_word' id='word_1_454' title='bbox 1693 429 1851 465; x_wconf 75' lang='lat' dir='ltr'><strong>scum..</strong></span> 
     </span>
    </p>
   </div>
   <div class='ocr_carea' id='block_1_7' title="bbox 1586 508 2548 3423">
    <p class='ocr_par' dir='ltr' id='par_1_13' title="bbox 1586 508 2543 883">
     <span class='ocr_line' id='line_1_57' title="bbox 1636 508 2535 559; baseline -0.001 -15"><span class='ocrx_word' id='word_1_455' title='bbox 1636 509 1693 553; x_wconf 78' lang='lat'>34,</span> <span class='ocrx_word' id='word_1_456' title='bbox 1717 522 1768 554; x_wconf 88' lang='grc' dir='ltr'>ιο,</span> <span class='ocrx_word' id='word_1_457' title='bbox 1789 523 1799 543; x_wconf 85' lang='grc'>1</span> <span class='ocrx_word' id='word_1_458' title='bbox 1813 523 1825 544; x_wconf 87' lang='grc' dir='ltr'>ι</span> <span class='ocrx_word' id='word_1_459' title='bbox 1848 509 1992 545; x_wconf 74' lang='grc' dir='ltr'>ἐπιτάσει</span> <span class='ocrx_word' id='word_1_460' title='bbox 2007 510 2198 559; x_wconf 75' lang='grc' dir='ltr'>χρῆταιΘ.,</span> <span class='ocrx_word' id='word_1_461' title='bbox 2215 508 2379 556; x_wconf 72' lang='lat' dir='ltr'>reliquis</span> <span class='ocrx_word' id='word_1_462' title='bbox 2393 509 2535 544; x_wconf 76' lang='lat' dir='ltr'><strong>omissis.</strong></span> 
     </span>
     <span class='ocr_line' id='line_1_58' title="bbox 1588 561 2538 611; baseline 0.001 -14"><span class='ocrx_word' id='word_1_463' title='bbox 1588 583 1630 588; x_wconf 89' lang='lat'>—-</span> <span class='ocrx_word' id='word_1_464' title='bbox 1654 576 1693 597; x_wconf 79' lang='lat'>12</span> <span class='ocrx_word' id='word_1_465' title='bbox 1711 562 1764 598; x_wconf 78' lang='grc' dir='ltr'>ἐπὶ</span> <span class='ocrx_word' id='word_1_466' title='bbox 1778 562 1815 598; x_wconf 82' lang='grc' dir='ltr'>τὸ</span> <span class='ocrx_word' id='word_1_467' title='bbox 1830 564 1874 608; x_wconf 85' lang='grc' dir='ltr'>ζ.,</span> <span class='ocrx_word' id='word_1_468' title='bbox 1901 565 1939 598; x_wconf 80' lang='grc'>13</span> <span class='ocrx_word' id='word_1_469' title='bbox 1957 561 2161 606; x_wconf 80' lang='grc' dir='ltr'>ἐπιτείνεται,</span> <span class='ocrx_word' id='word_1_470' title='bbox 2184 568 2227 604; x_wconf 74' lang='grc'>14</span> <span class='ocrx_word' id='word_1_471' title='bbox 2259 561 2386 611; x_wconf 68' lang='grc' dir='ltr'>ἑπὶτῷ</span> <span class='ocrx_word' id='word_1_472' title='bbox 2417 564 2461 598; x_wconf 87' lang='grc' dir='ltr'>Θ.</span> <span class='ocrx_word' id='word_1_473' title='bbox 2479 562 2538 607; x_wconf 80' lang='lat' dir='ltr'>Qui</span> 
     </span>
     <span class='ocr_line' id='line_1_59' title="bbox 1586 615 2540 666; baseline 0 -14"><span class='ocrx_word' id='word_1_474' title='bbox 1586 618 1732 653; x_wconf 81' lang='lat' dir='ltr'>inferius</span> <span class='ocrx_word' id='word_1_475' title='bbox 1749 618 1815 653; x_wconf 86' lang='lat' dir='ltr'>hoc</span> <span class='ocrx_word' id='word_1_476' title='bbox 1826 618 1983 653; x_wconf 83' lang='lat' dir='ltr'>scholion</span> <span class='ocrx_word' id='word_1_477' title='bbox 1997 617 2094 652; x_wconf 77' lang='lat' dir='ltr'>addit</span> <span class='ocrx_word' id='word_1_478' title='bbox 2106 631 2114 652; x_wconf 76' lang='lat' dir='ltr'><em>z</em></span> <span class='ocrx_word' id='word_1_479' title='bbox 2125 616 2213 661; x_wconf 89' lang='grc' dir='ltr'>Δίκη</span> <span class='ocrx_word' id='word_1_480' title='bbox 2226 621 2249 661; x_wconf 81' lang='grc' dir='ltr'>ἡ</span> <span class='ocrx_word' id='word_1_481' title='bbox 2267 615 2379 666; x_wconf 64' lang='grc' dir='ltr'>παρὰ</span> <span class='ocrx_word' id='word_1_482' title='bbox 2390 615 2540 657; x_wconf 65' lang='grc' dir='ltr'>τοῑςΊλ-</span> 
     </span>
     <span class='ocr_line' id='line_1_60' title="bbox 1586 670 2538 720; baseline -0.002 -13"><span class='ocrx_word' id='word_1_483' title='bbox 1586 672 1664 715; x_wconf 83' lang='grc' dir='ltr'>λησι</span> <span class='ocrx_word' id='word_1_484' title='bbox 1680 670 1897 718; x_wconf 73' lang='grc' dir='ltr'>σωματοειδὴς</span> <span class='ocrx_word' id='word_1_485' title='bbox 1911 671 1976 708; x_wconf 80' lang='grc' dir='ltr'>θεά.</span> <span class='ocrx_word' id='word_1_486' title='bbox 2000 670 2072 715; x_wconf 86' lang='grc' dir='ltr'>δίκη</span> <span class='ocrx_word' id='word_1_487' title='bbox 2090 671 2143 707; x_wconf 74' lang='grc' dir='ltr'>καὶ</span> <span class='ocrx_word' id='word_1_488' title='bbox 2159 674 2183 715; x_wconf 80' lang='grc' dir='ltr'>ἡ</span> <span class='ocrx_word' id='word_1_489' title='bbox 2203 670 2364 720; x_wconf 82' lang='grc' dir='ltr'>τιμωρία</span> <span class='ocrx_word' id='word_1_490' title='bbox 2381 670 2440 707; x_wconf 73' lang='grc' dir='ltr'>καὶ</span> <span class='ocrx_word' id='word_1_491' title='bbox 2456 673 2477 713; x_wconf 81' lang='grc' dir='ltr'>ἡ</span> <span class='ocrx_word' id='word_1_492' title='bbox 2493 671 2538 705; x_wconf 52' lang='grc' dir='ltr'>κόι</span> 
     </span>
     <span class='ocr_line' id='line_1_61' title="bbox 1587 723 2542 774; baseline -0.001 -14"><span class='ocrx_word' id='word_1_493' title='bbox 1587 725 1691 765; x_wconf 85' lang='grc' dir='ltr'>λασις.</span> <span class='ocrx_word' id='word_1_494' title='bbox 1709 725 1782 769; x_wconf 86' lang='grc' dir='ltr'>δίκη</span> <span class='ocrx_word' id='word_1_495' title='bbox 1802 725 1856 761; x_wconf 70' lang='grc' dir='ltr'>καὶ</span> <span class='ocrx_word' id='word_1_496' title='bbox 1871 728 1892 768; x_wconf 84' lang='grc' dir='ltr'>ἡ</span> <span class='ocrx_word' id='word_1_497' title='bbox 1908 724 2104 768; x_wconf 71' lang='grc' dir='ltr'>δικαιοσύνῆ.</span> <span class='ocrx_word' id='word_1_498' title='bbox 2119 725 2196 769; x_wconf 87' lang='grc' dir='ltr'>δίκη</span> <span class='ocrx_word' id='word_1_499' title='bbox 2211 724 2271 760; x_wconf 80' lang='grc' dir='ltr'>καὶ</span> <span class='ocrx_word' id='word_1_500' title='bbox 2289 725 2333 760; x_wconf 80' lang='grc' dir='ltr'>τὸ</span> <span class='ocrx_word' id='word_1_501' title='bbox 2343 723 2542 774; x_wconf 64' lang='grc' dir='ltr'>δικαστήριον</span> 
     </span>
     <span class='ocr_line' id='line_1_62' title="bbox 1588 777 2543 827; baseline 0.001 -15"><span class='ocrx_word' id='word_1_502' title='bbox 1588 777 1644 813; x_wconf 73' lang='grc' dir='ltr'>καὶ</span> <span class='ocrx_word' id='word_1_503' title='bbox 1663 780 1684 821; x_wconf 89' lang='grc' dir='ltr'>ἡ</span> <span class='ocrx_word' id='word_1_504' title='bbox 1703 778 1816 827; x_wconf 89' lang='grc' dir='ltr'>κρίσις.</span> <span class='ocrx_word' id='word_1_505' title='bbox 1837 805 1875 812; x_wconf 88' lang='grc'>.-</span> <span class='ocrx_word' id='word_1_506' title='bbox 1903 793 1943 825; x_wconf 89' lang='lat'>17</span> <span class='ocrx_word' id='word_1_507' title='bbox 1977 791 2047 814; x_wconf 87' lang='lat' dir='ltr'>om.</span> <span class='ocrx_word' id='word_1_508' title='bbox 2076 780 2182 815; x_wconf 76' lang='grc'>8.-</span> <span class='ocrx_word' id='word_1_509' title='bbox 2206 780 2251 814; x_wconf 85' lang='lat'>18</span> <span class='ocrx_word' id='word_1_510' title='bbox 2275 782 2341 814; x_wconf 70' lang='grc' dir='ltr'>τοῦ</span> <span class='ocrx_word' id='word_1_511' title='bbox 2365 777 2484 824; x_wconf 73' lang='grc' dir='ltr'>τόκου,</span> <span class='ocrx_word' id='word_1_512' title='bbox 2507 791 2543 812; x_wconf 75' lang='lat' dir='ltr'>ao</span> 
     </span>
     <span class='ocr_line' id='line_1_63' title="bbox 1590 832 1860 883; baseline 0.007 -16"><span class='ocrx_word' id='word_1_513' title='bbox 1590 832 1791 883; x_wconf 76' lang='grc' dir='ltr'>ἕνεχυριάσαι</span> <span class='ocrx_word' id='word_1_514' title='bbox 1816 834 1860 869; x_wconf 87' lang='grc' dir='ltr'>Θ.</span> 
     </span>
    </p>

    <p class='ocr_par' dir='ltr' id='par_1_14' title="bbox 1642 887 1922 931">
     <span class='ocr_line' id='line_1_64' title="bbox 1642 887 1922 931; baseline 0.007 -11"><span class='ocrx_word' id='word_1_515' title='bbox 1642 887 1699 931; x_wconf 75' lang='lat'>35,</span> <span class='ocrx_word' id='word_1_516' title='bbox 1720 888 1763 921; x_wconf 76' lang='lat'>23</span> <span class='ocrx_word' id='word_1_517' title='bbox 1776 890 1869 923; x_wconf 73' lang='grc' dir='ltr'>τοῦτο</span> <span class='ocrx_word' id='word_1_518' title='bbox 1880 890 1922 922; x_wconf 89' lang='lat' dir='ltr'>V.</span> 
     </span>
    </p>

    <p class='ocr_par' dir='ltr' id='par_1_15' title="bbox 1591 939 2546 1044">
     <span class='ocr_line' id='line_1_65' title="bbox 1641 939 2546 989; baseline 0.004 -16"><span class='ocrx_word' id='word_1_519' title='bbox 1641 940 1686 973; x_wconf 84' lang='lat'>36</span> <span class='ocrx_word' id='word_1_520' title='bbox 1703 952 1771 974; x_wconf 89' lang='lat' dir='ltr'>om.</span> <span class='ocrx_word' id='word_1_521' title='bbox 1787 942 1826 975; x_wconf 88' lang='lat' dir='ltr'>V.</span> <span class='ocrx_word' id='word_1_522' title='bbox 1845 944 1884 975; x_wconf 84' lang='lat' dir='ltr'>ln</span> <span class='ocrx_word' id='word_1_523' title='bbox 1902 941 1945 976; x_wconf 92' lang='grc' dir='ltr'>Θ.</span> <span class='ocrx_word' id='word_1_524' title='bbox 1969 939 2156 989; x_wconf 76' lang='grc' dir='ltr'>φροντίζεις,</span> <span class='ocrx_word' id='word_1_525' title='bbox 2174 941 2410 988; x_wconf 77' lang='grc' dir='ltr'>ἀγανακτεῖς·</span> <span class='ocrx_word' id='word_1_526' title='bbox 2427 943 2546 977; x_wconf 64' lang='grc' dir='ltr'>τοιαῦτα</span> 
     </span>
     <span class='ocr_line' id='line_1_66' title="bbox 1591 992 2309 1044; baseline 0.004 -17"><span class='ocrx_word' id='word_1_527' title='bbox 1591 992 1652 1042; x_wconf 73' lang='grc' dir='ltr'>γὰρ</span> <span class='ocrx_word' id='word_1_528' title='bbox 1663 993 1844 1041; x_wconf 77' lang='grc' dir='ltr'>πάσχουσιν</span> <span class='ocrx_word' id='word_1_529' title='bbox 1863 996 1890 1030; x_wconf 71' lang='grc' dir='ltr'>οἱ</span> <span class='ocrx_word' id='word_1_530' title='bbox 1906 994 2056 1044; x_wconf 71' lang='grc' dir='ltr'>φροντίδα</span> <span class='ocrx_word' id='word_1_531' title='bbox 2070 994 2140 1030; x_wconf 72' lang='grc' dir='ltr'>τινὰ</span> <span class='ocrx_word' id='word_1_532' title='bbox 2156 994 2309 1043; x_wconf 76' lang='grc' dir='ltr'>ἔχοντες.</span> 
     </span>
    </p>

    <p class='ocr_par' dir='ltr' id='par_1_16' title="bbox 1593 1048 2548 1528">
     <span class='ocr_line' id='line_1_67' title="bbox 1642 1048 2546 1097; baseline 0.004 -15"><span class='ocrx_word' id='word_1_533' title='bbox 1642 1048 1686 1090; x_wconf 81' lang='grc'>37</span> <span class='ocrx_word' id='word_1_534' title='bbox 1698 1075 1708 1093; x_wconf 93' lang='grc'>,</span> <span class='ocrx_word' id='word_1_535' title='bbox 1736 1054 1846 1094; x_wconf 75' lang='lat'><strong>29·47</strong></span> <span class='ocrx_word' id='word_1_536' title='bbox 1881 1065 1894 1079; x_wconf 75' lang='lat' dir='ltr'>n</span> <span class='ocrx_word' id='word_1_537' title='bbox 1906 1050 2033 1096; x_wconf 79' lang='lat' dir='ltr'>partim</span> <span class='ocrx_word' id='word_1_538' title='bbox 2059 1061 2104 1085; x_wconf 77' lang='lat' dir='ltr'>ex</span> <span class='ocrx_word' id='word_1_539' title='bbox 2128 1051 2440 1097; x_wconf 78' lang='lat' dir='ltr'>Harpocratione</span> <span class='ocrx_word' id='word_1_540' title='bbox 2467 1051 2546 1086; x_wconf 75' lang='lat' dir='ltr'>illata</span> 
     </span>
     <span class='ocr_line' id='line_1_68' title="bbox 1595 1102 2548 1148; baseline 0.004 -12"><span class='ocrx_word' id='word_1_541' title='bbox 1595 1102 1721 1148; x_wconf 83' lang='lat' dir='ltr'>partim</span> <span class='ocrx_word' id='word_1_542' title='bbox 1746 1102 1894 1137; x_wconf 81' lang='lat' dir='ltr'><strong>aliunde.</strong></span> <span class='ocrx_word' id='word_1_543' title='bbox 1909 1119 1923 1134; x_wconf 76' lang='lat' dir='ltr'>u</span> <span class='ocrx_word' id='word_1_544' title='bbox 1949 1106 2059 1137; x_wconf 79' lang='lat' dir='ltr'><strong>Dum.</strong></span> <span class='ocrx_word' id='word_1_545' title='bbox 2086 1103 2188 1138; x_wconf 85' lang='lat' dir='ltr'><strong>Conf.</strong></span> <span class='ocrx_word' id='word_1_546' title='bbox 2215 1104 2380 1139; x_wconf 81' lang='lat' dir='ltr'>Suidam</span> <span class='ocrx_word' id='word_1_547' title='bbox 2416 1117 2474 1142; x_wconf 77' lang='lat' dir='ltr'>vv,</span> <span class='ocrx_word' id='word_1_548' title='bbox 2495 1104 2548 1147; x_wconf 82' lang='grc' dir='ltr'>Δή-</span> 
     </span>
     <span class='ocr_line' id='line_1_69' title="bbox 1595 1155 2543 1206; baseline 0.002 -16"><span class='ocrx_word' id='word_1_549' title='bbox 1595 1168 1717 1203; x_wconf 83' lang='grc' dir='ltr'>μαρχος</span> <span class='ocrx_word' id='word_1_550' title='bbox 1734 1163 1769 1191; x_wconf 80' lang='lat' dir='ltr'>et</span> <span class='ocrx_word' id='word_1_551' title='bbox 1783 1155 2002 1206; x_wconf 81' lang='grc' dir='ltr'>Ναυκραρικά.</span> <span class='ocrx_word' id='word_1_552' title='bbox 2020 1185 2058 1192; x_wconf 88' lang='grc'>.-</span> <span class='ocrx_word' id='word_1_553' title='bbox 2076 1169 2122 1202; x_wconf 76' lang='lat'>29</span> <span class='ocrx_word' id='word_1_554' title='bbox 2137 1155 2193 1191; x_wconf 83' lang='grc' dir='ltr'>τὸν</span> <span class='ocrx_word' id='word_1_555' title='bbox 2211 1171 2244 1192; x_wconf 89' lang='grc' dir='ltr'>κ.</span> <span class='ocrx_word' id='word_1_556' title='bbox 2267 1155 2292 1200; x_wconf 77' lang='grc' dir='ltr'>ἢ</span> <span class='ocrx_word' id='word_1_557' title='bbox 2309 1170 2387 1193; x_wconf 89' lang='lat' dir='ltr'>om.</span> <span class='ocrx_word' id='word_1_558' title='bbox 2409 1160 2495 1193; x_wconf 76' lang='grc' dir='ltr'>Θ..-</span> <span class='ocrx_word' id='word_1_559' title='bbox 2513 1159 2543 1192; x_wconf 80' lang='grc'>31</span> 
     </span>
     <span class='ocr_line' id='line_1_70' title="bbox 1593 1209 2547 1259; baseline 0.001 -16"><span class='ocrx_word' id='word_1_560' title='bbox 1593 1210 1697 1257; x_wconf 85' lang='grc' dir='ltr'>χρεῶν</span> <span class='ocrx_word' id='word_1_561' title='bbox 1723 1209 1801 1244; x_wconf 79' lang='lat' dir='ltr'><strong>Ald.</strong></span> <span class='ocrx_word' id='word_1_562' title='bbox 1823 1237 1861 1245; x_wconf 86' lang='grc'>-.</span> <span class='ocrx_word' id='word_1_563' title='bbox 1884 1210 1927 1245; x_wconf 80' lang='lat'>33</span> <span class='ocrx_word' id='word_1_564' title='bbox 1950 1211 2043 1258; x_wconf 79' lang='grc' dir='ltr'>ἠνεχ.</span> <span class='ocrx_word' id='word_1_565' title='bbox 2071 1209 2240 1246; x_wconf 83' lang='lat' dir='ltr'><strong>Dindorf.</strong></span> <span class='ocrx_word' id='word_1_566' title='bbox 2268 1218 2309 1246; x_wconf 86' lang='lat' dir='ltr'>et</span> <span class='ocrx_word' id='word_1_567' title='bbox 2339 1213 2437 1259; x_wconf 83' lang='lat' dir='ltr'><strong>Reg.</strong></span> <span class='ocrx_word' id='word_1_568' title='bbox 2457 1224 2547 1254; x_wconf 61' lang='lat'>²7¹²,</span> 
     </span>
     <span class='ocr_line' id='line_1_71' title="bbox 1595 1262 2547 1314; baseline 0.002 -18"><span class='ocrx_word' id='word_1_569' title='bbox 1595 1262 1656 1309; x_wconf 90' lang='lat' dir='ltr'>qui</span> <span class='ocrx_word' id='word_1_570' title='bbox 1672 1262 1780 1298; x_wconf 82' lang='lat' dir='ltr'>habet</span> <span class='ocrx_word' id='word_1_571' title='bbox 1800 1262 1822 1298; x_wconf 91' lang='lat' dir='ltr'>l.</span> <span class='ocrx_word' id='word_1_572' title='bbox 1840 1263 1962 1298; x_wconf 77' lang='grc'>30-34.</span> <span class='ocrx_word' id='word_1_573' title='bbox 1983 1263 2185 1311; x_wconf 82' lang='lat' dir='ltr'>Legebatur</span> <span class='ocrx_word' id='word_1_574' title='bbox 2202 1264 2301 1313; x_wconf 75' lang='grc' dir='ltr'>ἔνεχ.</span> <span class='ocrx_word' id='word_1_575' title='bbox 2319 1293 2363 1301; x_wconf 84' lang='grc'>..</span> <span class='ocrx_word' id='word_1_576' title='bbox 2381 1266 2431 1307; x_wconf 74' lang='grc'>34</span> <span class='ocrx_word' id='word_1_577' title='bbox 2452 1265 2511 1314; x_wconf 74' lang='grc' dir='ltr'>Ἄρ.</span> <span class='ocrx_word' id='word_1_578' title='bbox 2523 1265 2547 1299; x_wconf 76' lang='grc' dir='ltr'>ἐν</span> 
     </span>
     <span class='ocr_line' id='line_1_72' title="bbox 1595 1315 2547 1367; baseline 0.002 -16"><span class='ocrx_word' id='word_1_579' title='bbox 1595 1315 1768 1359; x_wconf 76' lang='grc' dir='ltr'>Ἀθηναίων</span> <span class='ocrx_word' id='word_1_580' title='bbox 1791 1316 1937 1366; x_wconf 78' lang='grc' dir='ltr'>πολιτείᾳ</span> <span class='ocrx_word' id='word_1_581' title='bbox 1956 1321 2163 1365; x_wconf 78' lang='lat' dir='ltr'><strong>Harpocrat.</strong></span> <span class='ocrx_word' id='word_1_582' title='bbox 2185 1318 2288 1353; x_wconf 80' lang='lat' dir='ltr'>Hinc</span> <span class='ocrx_word' id='word_1_583' title='bbox 2308 1321 2500 1367; x_wconf 79' lang='lat' dir='ltr'>sequentia</span> <span class='ocrx_word' id='word_1_584' title='bbox 2515 1319 2547 1353; x_wconf 62' lang='grc' dir='ltr'><strong><em>κά</em></strong></span> 
     </span>
     <span class='ocr_line' id='line_1_73' title="bbox 1596 1370 2546 1419; baseline 0.002 -14"><span class='ocrx_word' id='word_1_585' title='bbox 1596 1376 1640 1413; x_wconf 82' lang='grc'>47</span> <span class='ocrx_word' id='word_1_586' title='bbox 1657 1383 1726 1405; x_wconf 89' lang='lat' dir='ltr'>om.</span> <span class='ocrx_word' id='word_1_587' title='bbox 1742 1373 1784 1406; x_wconf 85' lang='grc' dir='ltr'>Θ.</span> <span class='ocrx_word' id='word_1_588' title='bbox 1799 1398 1838 1405; x_wconf 89' lang='lat'>...</span> <span class='ocrx_word' id='word_1_589' title='bbox 1861 1372 1906 1406; x_wconf 87' lang='grc'>35</span> <span class='ocrx_word' id='word_1_590' title='bbox 1928 1370 2061 1419; x_wconf 82' lang='grc' dir='ltr'>ἔχοντας</span> <span class='ocrx_word' id='word_1_591' title='bbox 2076 1374 2181 1419; x_wconf 77' lang='lat' dir='ltr'><strong>Hau-p.</strong></span> <span class='ocrx_word' id='word_1_592' title='bbox 2199 1370 2347 1413; x_wconf 74' lang='grc' dir='ltr'>ἑλόντας</span> <span class='ocrx_word' id='word_1_593' title='bbox 2361 1373 2448 1409; x_wconf 78' lang='grc' dir='ltr'>ΑΙά.</span> <span class='ocrx_word' id='word_1_594' title='bbox 2461 1399 2498 1407; x_wconf 85' lang='lat'>...</span> <span class='ocrx_word' id='word_1_595' title='bbox 2512 1374 2546 1408; x_wconf 74' lang='lat'>36</span> 
     </span>
     <span class='ocr_line' id='line_1_74' title="bbox 1594 1425 2543 1475; baseline 0.001 -16"><span class='ocrx_word' id='word_1_596' title='bbox 1594 1437 1705 1473; x_wconf 83' lang='grc' dir='ltr'>ναυκρ.</span> <span class='ocrx_word' id='word_1_597' title='bbox 1723 1426 1831 1471; x_wconf 81' lang='lat' dir='ltr'><strong>Harp.</strong></span> <span class='ocrx_word' id='word_1_598' title='bbox 1846 1425 1956 1460; x_wconf 82' lang='grc' dir='ltr'>ναυκλ.</span> <span class='ocrx_word' id='word_1_599' title='bbox 1970 1425 2045 1462; x_wconf 78' lang='lat' dir='ltr'><strong>Ald.</strong></span> <span class='ocrx_word' id='word_1_600' title='bbox 2064 1425 2121 1460; x_wconf 80' lang='lat' dir='ltr'>hic</span> <span class='ocrx_word' id='word_1_601' title='bbox 2133 1433 2170 1460; x_wconf 81' lang='lat' dir='ltr'>et</span> <span class='ocrx_word' id='word_1_602' title='bbox 2180 1433 2240 1460; x_wconf 88' lang='lat' dir='ltr'>ter</span> <span class='ocrx_word' id='word_1_603' title='bbox 2254 1426 2453 1475; x_wconf 76' lang='lat' dir='ltr'><strong>deinceps.</strong></span> <span class='ocrx_word' id='word_1_604' title='bbox 2464 1455 2501 1463; x_wconf 90' lang='lat'>...</span> <span class='ocrx_word' id='word_1_605' title='bbox 2512 1428 2543 1469; x_wconf 73' lang='lat'>37</span> 
     </span>
     <span class='ocr_line' id='line_1_75' title="bbox 1595 1477 2545 1528; baseline 0.006 -17"><span class='ocrx_word' id='word_1_606' title='bbox 1595 1477 1665 1512; x_wconf 74' lang='grc' dir='ltr'>ἀντὶ</span> <span class='ocrx_word' id='word_1_607' title='bbox 1689 1479 1751 1513; x_wconf 83' lang='grc' dir='ltr'>τῶν</span> <span class='ocrx_word' id='word_1_608' title='bbox 1772 1485 1806 1512; x_wconf 85' lang='lat' dir='ltr'>et</span> <span class='ocrx_word' id='word_1_609' title='bbox 1834 1480 1880 1525; x_wconf 83' lang='lat'>39</span> <span class='ocrx_word' id='word_1_610' title='bbox 1901 1478 2055 1528; x_wconf 84' lang='grc' dir='ltr'>πρότερον</span> <span class='ocrx_word' id='word_1_611' title='bbox 2085 1482 2335 1516; x_wconf 65' lang='lat' dir='ltr'><strong>fleu-manuus.</strong></span> <span class='ocrx_word' id='word_1_612' title='bbox 2356 1481 2442 1517; x_wconf 81' lang='lat' dir='ltr'><strong>Ald.</strong></span> <span class='ocrx_word' id='word_1_613' title='bbox 2457 1481 2545 1516; x_wconf 72' lang='grc' dir='ltr'>αὗτῦν</span> 
     </span>
    </p>

    <p class='ocr_par' dir='ltr' id='par_1_17' title="bbox 1595 1532 2543 1851">
     <span class='ocr_line' id='line_1_76' title="bbox 1603 1532 2543 1582; baseline 0.003 -16"><span class='ocrx_word' id='word_1_614' title='bbox 1603 1558 1611 1566; x_wconf 87' lang='grc'>.</span> <span class='ocrx_word' id='word_1_615' title='bbox 1627 1557 1634 1566; x_wconf 97' lang='grc'>.</span> <span class='ocrx_word' id='word_1_616' title='bbox 1652 1559 1659 1565; x_wconf 94' lang='grc'>.</span> <span class='ocrx_word' id='word_1_617' title='bbox 1676 1559 1684 1566; x_wconf 94' lang='grc'>.</span> <span class='ocrx_word' id='word_1_618' title='bbox 1718 1533 1855 1582; x_wconf 84' lang='grc' dir='ltr'>πρῶτον.</span> <span class='ocrx_word' id='word_1_619' title='bbox 1874 1560 1914 1568; x_wconf 80' lang='grc'>-</span> <span class='ocrx_word' id='word_1_620' title='bbox 1939 1533 1984 1574; x_wconf 83' lang='grc'>45</span> <span class='ocrx_word' id='word_1_621' title='bbox 2004 1532 2156 1581; x_wconf 82' lang='grc' dir='ltr'>ἄρχοντες</span> <span class='ocrx_word' id='word_1_622' title='bbox 2180 1541 2274 1580; x_wconf 78' lang='lat' dir='ltr'>post</span> <span class='ocrx_word' id='word_1_623' title='bbox 2296 1533 2411 1582; x_wconf 75' lang='grc' dir='ltr'>δῆμον</span> <span class='ocrx_word' id='word_1_624' title='bbox 2434 1535 2543 1569; x_wconf 82' lang='lat' dir='ltr'>lectum</span> 
     </span>
     <span class='ocr_line' id='line_1_77' title="bbox 1597 1585 2541 1638; baseline 0.002 -18"><span class='ocrx_word' id='word_1_625' title='bbox 1597 1585 1726 1620; x_wconf 79' lang='lat' dir='ltr'>delevit</span> <span class='ocrx_word' id='word_1_626' title='bbox 1743 1588 1972 1621; x_wconf 77' lang='lat' dir='ltr'><strong>Her-mannus.</strong></span> <span class='ocrx_word' id='word_1_627' title='bbox 1986 1614 2024 1621; x_wconf 82' lang='grc'>-</span> <span class='ocrx_word' id='word_1_628' title='bbox 2038 1593 2079 1630; x_wconf 85' lang='grc'>47</span> <span class='ocrx_word' id='word_1_629' title='bbox 2095 1585 2215 1627; x_wconf 85' lang='grc' dir='ltr'>παίζει.</span> <span class='ocrx_word' id='word_1_630' title='bbox 2233 1615 2277 1621; x_wconf 86' lang='grc'>-</span> <span class='ocrx_word' id='word_1_631' title='bbox 2294 1589 2345 1629; x_wconf 85' lang='grc'>48</span> <span class='ocrx_word' id='word_1_632' title='bbox 2364 1587 2478 1638; x_wconf 65' lang='grc' dir='ltr'>ψύλλο</span> <span class='ocrx_word' id='word_1_633' title='bbox 2488 1601 2541 1623; x_wconf 80' lang='lat' dir='ltr'>om.</span> 
     </span>
     <span class='ocr_line' id='line_1_78' title="bbox 1597 1637 2542 1687; baseline 0.004 -14"><span class='ocrx_word' id='word_1_634' title='bbox 1597 1641 1635 1673; x_wconf 89' lang='lat' dir='ltr'>V.</span> <span class='ocrx_word' id='word_1_635' title='bbox 1650 1640 1692 1678; x_wconf 86' lang='grc' dir='ltr'>ὡς</span> <span class='ocrx_word' id='word_1_636' title='bbox 1704 1637 1809 1685; x_wconf 85' lang='grc' dir='ltr'>ἔλεγεν</span> <span class='ocrx_word' id='word_1_637' title='bbox 1824 1640 1845 1681; x_wconf 83' lang='grc' dir='ltr'>ἡ</span> <span class='ocrx_word' id='word_1_638' title='bbox 1863 1652 1894 1673; x_wconf 84' lang='grc' dir='ltr'>κ.</span> <span class='ocrx_word' id='word_1_639' title='bbox 1909 1637 1961 1682; x_wconf 85' lang='grc' dir='ltr'>ἢὴ</span> <span class='ocrx_word' id='word_1_640' title='bbox 1979 1641 2013 1687; x_wconf 82' lang='grc' dir='ltr'>ψ.</span> <span class='ocrx_word' id='word_1_641' title='bbox 2030 1643 2071 1675; x_wconf 88' lang='lat' dir='ltr'>R.</span> <span class='ocrx_word' id='word_1_642' title='bbox 2086 1639 2148 1687; x_wconf 84' lang='lat' dir='ltr'>qui</span> <span class='ocrx_word' id='word_1_643' title='bbox 2163 1642 2365 1687; x_wconf 80' lang='lat' dir='ltr'><strong>sequentia</strong></span> <span class='ocrx_word' id='word_1_644' title='bbox 2379 1642 2542 1677; x_wconf 77' lang='lat' dir='ltr'><strong>omittit..</strong></span> 
     </span>
     <span class='ocr_line' id='line_1_79' title="bbox 1597 1691 2543 1745; baseline 0.005 -18"><span class='ocrx_word' id='word_1_645' title='bbox 1597 1697 1655 1738; x_wconf 85' lang='grc'>49,</span> <span class='ocrx_word' id='word_1_646' title='bbox 1675 1692 1719 1727; x_wconf 82' lang='grc'>50</span> <span class='ocrx_word' id='word_1_647' title='bbox 1739 1691 1815 1738; x_wconf 85' lang='grc' dir='ltr'>δήμ.</span> <span class='ocrx_word' id='word_1_648' title='bbox 1834 1691 1924 1743; x_wconf 82' lang='grc' dir='ltr'>παρὰ</span> <span class='ocrx_word' id='word_1_649' title='bbox 1940 1697 2006 1732; x_wconf 83' lang='grc' dir='ltr'>τοῖς</span> <span class='ocrx_word' id='word_1_650' title='bbox 2024 1692 2199 1737; x_wconf 81' lang='grc' dir='ltr'>Ἀθηναίοις</span> <span class='ocrx_word' id='word_1_651' title='bbox 2221 1696 2255 1730; x_wconf 82' lang='grc' dir='ltr'>οῖ</span> <span class='ocrx_word' id='word_1_652' title='bbox 2274 1694 2398 1743; x_wconf 76' lang='grc' dir='ltr'>πρώην</span> <span class='ocrx_word' id='word_1_653' title='bbox 2417 1696 2543 1745; x_wconf 78' lang='grc' dir='ltr'>ναύκρα-</span> 
     </span>
     <span class='ocr_line' id='line_1_80' title="bbox 1597 1741 2542 1797; baseline 0.004 -16"><span class='ocrx_word' id='word_1_654' title='bbox 1597 1759 1645 1795; x_wconf 87' lang='grc' dir='ltr'>ροι</span> <span class='ocrx_word' id='word_1_655' title='bbox 1662 1744 1866 1793; x_wconf 82' lang='grc' dir='ltr'>καλούμενοι,</span> <span class='ocrx_word' id='word_1_656' title='bbox 1881 1741 1927 1786; x_wconf 81' lang='grc' dir='ltr'>οἷς</span> <span class='ocrx_word' id='word_1_657' title='bbox 1938 1745 2010 1790; x_wconf 73' lang='grc' dir='ltr'>ἐξῆν</span> <span class='ocrx_word' id='word_1_658' title='bbox 2023 1747 2241 1797; x_wconf 76' lang='grc' dir='ltr'>ἐνεχυριάζειν</span> <span class='ocrx_word' id='word_1_659' title='bbox 2253 1752 2300 1784; x_wconf 86' lang='lat' dir='ltr'>V.</span> <span class='ocrx_word' id='word_1_660' title='bbox 2311 1758 2351 1785; x_wconf 81' lang='lat' dir='ltr'>et</span> <span class='ocrx_word' id='word_1_661' title='bbox 2363 1751 2466 1787; x_wconf 87' lang='lat' dir='ltr'><strong>Suid.</strong></span> <span class='ocrx_word' id='word_1_662' title='bbox 2480 1749 2542 1797; x_wconf 68' lang='lat'>⁸⁷2¹*-</span> 
     </span>
     <span class='ocr_line' id='line_1_81' title="bbox 1595 1798 2542 1851; baseline 0.005 -17"><span class='ocrx_word' id='word_1_663' title='bbox 1595 1800 1626 1834; x_wconf 77' lang='grc' dir='ltr'>οἱ</span> <span class='ocrx_word' id='word_1_664' title='bbox 1650 1798 1904 1848; x_wconf 76' lang='grc' dir='ltr'>ἕνεχυριοίζοντες</span> <span class='ocrx_word' id='word_1_665' title='bbox 1917 1798 1990 1840; x_wconf 74' lang='grc' dir='ltr'>τοὺς</span> <span class='ocrx_word' id='word_1_666' title='bbox 2002 1801 2046 1837; x_wconf 88' lang='grc' dir='ltr'>Θ.</span> <span class='ocrx_word' id='word_1_667' title='bbox 2059 1804 2099 1836; x_wconf 84' lang='lat' dir='ltr'>In</span> <span class='ocrx_word' id='word_1_668' title='bbox 2116 1802 2185 1836; x_wconf 80' lang='lat' dir='ltr'>fine</span> <span class='ocrx_word' id='word_1_669' title='bbox 2203 1802 2311 1837; x_wconf 83' lang='grc' dir='ltr'>δοῦκα</span> <span class='ocrx_word' id='word_1_670' title='bbox 2334 1806 2430 1851; x_wconf 79' lang='lat' dir='ltr'><strong>Reg.</strong></span> <span class='ocrx_word' id='word_1_671' title='bbox 2457 1805 2542 1839; x_wconf 78' lang='lat'><strong>1821.</strong></span> 
     </span>
    </p>

    <p class='ocr_par' dir='ltr' id='par_1_18' title="bbox 1595 1854 2541 2284">
     <span class='ocr_line' id='line_1_82' title="bbox 1649 1854 2541 1907; baseline 0.006 -19"><span class='ocrx_word' id='word_1_672' title='bbox 1649 1854 1706 1897; x_wconf 84' lang='grc'>38,</span> <span class='ocrx_word' id='word_1_673' title='bbox 1723 1866 1734 1888; x_wconf 85' lang='grc' dir='ltr'>ι</span> <span class='ocrx_word' id='word_1_674' title='bbox 1753 1861 1789 1888; x_wconf 82' lang='lat' dir='ltr'>et</span> <span class='ocrx_word' id='word_1_675' title='bbox 1807 1866 1825 1888; x_wconf 71' lang='grc' dir='ltr'>α</span> <span class='ocrx_word' id='word_1_676' title='bbox 1845 1856 1885 1890; x_wconf 90' lang='lat' dir='ltr'>V.</span> <span class='ocrx_word' id='word_1_677' title='bbox 1904 1854 1967 1897; x_wconf 87' lang='lat' dir='ltr'>sic,</span> <span class='ocrx_word' id='word_1_678' title='bbox 1983 1857 2289 1902; x_wconf 75' lang='grc' dir='ltr'>κατακοιμηθῆναι,</span> <span class='ocrx_word' id='word_1_679' title='bbox 2304 1857 2434 1907; x_wconf 81' lang='grc' dir='ltr'>κυρίως</span> <span class='ocrx_word' id='word_1_680' title='bbox 2445 1857 2476 1893; x_wconf 71' lang='grc' dir='ltr'>δὲ</span> <span class='ocrx_word' id='word_1_681' title='bbox 2489 1872 2541 1892; x_wconf 73' lang='grc' dir='ltr'>κα·</span> 
     </span>
     <span class='ocr_line' id='line_1_83' title="bbox 1595 1906 2540 1960; baseline 0.006 -18"><span class='ocrx_word' id='word_1_682' title='bbox 1595 1907 1761 1956; x_wconf 81' lang='grc' dir='ltr'>ταδαρθεῖν</span> <span class='ocrx_word' id='word_1_683' title='bbox 1772 1907 1810 1943; x_wconf 81' lang='grc' dir='ltr'>τὸ</span> <span class='ocrx_word' id='word_1_684' title='bbox 1825 1906 1879 1943; x_wconf 75' lang='grc' dir='ltr'>ἐπὶ</span> <span class='ocrx_word' id='word_1_685' title='bbox 1892 1907 1923 1943; x_wconf 86' lang='grc' dir='ltr'>δ.</span> <span class='ocrx_word' id='word_1_686' title='bbox 1937 1910 2140 1955; x_wconf 74' lang='grc' dir='ltr'>κοιμηθῆναι.</span> <span class='ocrx_word' id='word_1_687' title='bbox 2157 1937 2196 1944; x_wconf 88' lang='grc'>-</span> <span class='ocrx_word' id='word_1_688' title='bbox 2215 1910 2455 1960; x_wconf 82' lang='grc' dir='ltr'>παροξυτόνως</span> <span class='ocrx_word' id='word_1_689' title='bbox 2464 1913 2502 1949; x_wconf 87' lang='grc' dir='ltr'>Θ.</span> <span class='ocrx_word' id='word_1_690' title='bbox 2512 1940 2540 1947; x_wconf 89' lang='grc'>-</span> 
     </span>
     <span class='ocr_line' id='line_1_84' title="bbox 1598 1961 2540 2016; baseline 0.006 -21"><span class='ocrx_word' id='word_1_691' title='bbox 1598 1966 1618 2003; x_wconf 95' lang='grc'>4</span> <span class='ocrx_word' id='word_1_692' title='bbox 1630 1965 1794 2009; x_wconf 77' lang='grc' dir='ltr'>κοιμᾶται.</span> <span class='ocrx_word' id='word_1_693' title='bbox 1808 1961 1946 1998; x_wconf 73' lang='grc' dir='ltr'>Ἀττικοὶ</span> <span class='ocrx_word' id='word_1_694' title='bbox 1963 1962 1997 1998; x_wconf 84' lang='grc' dir='ltr'>δὲ</span> <span class='ocrx_word' id='word_1_695' title='bbox 2014 1962 2228 2012; x_wconf 80' lang='grc' dir='ltr'>παροξύνουσι</span> <span class='ocrx_word' id='word_1_696' title='bbox 2240 1966 2465 2016; x_wconf 65' lang='grc' dir='ltr'>καταδαρθεῖν</span> <span class='ocrx_word' id='word_1_697' title='bbox 2477 1967 2540 2014; x_wconf 79' lang='lat' dir='ltr'>[sic]</span> 
     </span>
     <span class='ocr_line' id='line_1_85' title="bbox 1596 2014 2538 2064; baseline 0.004 -14"><span class='ocrx_word' id='word_1_698' title='bbox 1596 2017 1639 2050; x_wconf 81' lang='lat' dir='ltr'>V.</span> <span class='ocrx_word' id='word_1_699' title='bbox 1652 2014 1786 2064; x_wconf 80' lang='grc' dir='ltr'>ἄρχεται</span> <span class='ocrx_word' id='word_1_700' title='bbox 1796 2016 1912 2051; x_wconf 80' lang='grc' dir='ltr'>ὕπνοῖῖν</span> <span class='ocrx_word' id='word_1_701' title='bbox 1923 2017 1966 2052; x_wconf 89' lang='grc' dir='ltr'>Θ.</span> <span class='ocrx_word' id='word_1_702' title='bbox 1981 2017 2051 2061; x_wconf 89' lang='lat' dir='ltr'>Qui</span> <span class='ocrx_word' id='word_1_703' title='bbox 2065 2017 2156 2052; x_wconf 80' lang='lat' dir='ltr'>infra</span> <span class='ocrx_word' id='word_1_704' title='bbox 2169 2018 2273 2054; x_wconf 77' lang='lat' dir='ltr'>addit</span> <span class='ocrx_word' id='word_1_705' title='bbox 2287 2020 2364 2055; x_wconf 80' lang='lat' dir='ltr'>hoc</span> <span class='ocrx_word' id='word_1_706' title='bbox 2378 2021 2538 2056; x_wconf 80' lang='lat' dir='ltr'>scholion:</span> 
     </span>
     <span class='ocr_line' id='line_1_86' title="bbox 1597 2068 2538 2121; baseline 0.006 -19"><span class='ocrx_word' id='word_1_707' title='bbox 1597 2068 1850 2115; x_wconf 85' lang='grc' dir='ltr'>κοιμηθήσεσθαι</span> <span class='ocrx_word' id='word_1_708' title='bbox 1862 2084 1869 2091; x_wconf 93' lang='grc'><strong><em>·</em></strong></span> <span class='ocrx_word' id='word_1_709' title='bbox 1890 2069 2007 2118; x_wconf 84' lang='grc' dir='ltr'>κυρίως</span> <span class='ocrx_word' id='word_1_710' title='bbox 2024 2069 2059 2105; x_wconf 83' lang='grc' dir='ltr'>δὲ</span> <span class='ocrx_word' id='word_1_711' title='bbox 2076 2070 2112 2106; x_wconf 82' lang='grc' dir='ltr'>τὸ</span> <span class='ocrx_word' id='word_1_712' title='bbox 2136 2072 2191 2107; x_wconf 80' lang='grc' dir='ltr'>ἐπὶ</span> <span class='ocrx_word' id='word_1_713' title='bbox 2221 2073 2404 2121; x_wconf 78' lang='grc' dir='ltr'>δερμάτων</span> <span class='ocrx_word' id='word_1_714' title='bbox 2423 2076 2538 2108; x_wconf 78' lang='grc' dir='ltr'>κεῖσθαι.</span> 
     </span>
     <span class='ocr_line' id='line_1_87' title="bbox 1597 2121 2536 2177; baseline 0.007 -21"><span class='ocrx_word' id='word_1_715' title='bbox 1597 2121 1661 2169; x_wconf 82' lang='grc' dir='ltr'>δρῶ</span> <span class='ocrx_word' id='word_1_716' title='bbox 1677 2121 1714 2157; x_wconf 88' lang='grc' dir='ltr'>τὸ</span> <span class='ocrx_word' id='word_1_717' title='bbox 1729 2124 1895 2169; x_wconf 80' lang='grc' dir='ltr'>κοιμῶμαι</span> <span class='ocrx_word' id='word_1_718' title='bbox 1912 2123 1966 2158; x_wconf 70' lang='grc' dir='ltr'>καὶ</span> <span class='ocrx_word' id='word_1_719' title='bbox 1981 2123 2068 2159; x_wconf 77' lang='grc' dir='ltr'>κατὰ</span> <span class='ocrx_word' id='word_1_720' title='bbox 2084 2125 2291 2174; x_wconf 79' lang='grc' dir='ltr'>παραγωγὴν</span> <span class='ocrx_word' id='word_1_721' title='bbox 2308 2128 2435 2177; x_wconf 81' lang='grc' dir='ltr'>δρήθω·</span> <span class='ocrx_word' id='word_1_722' title='bbox 2449 2128 2536 2165; x_wconf 76' lang='grc' dir='ltr'>δεύτε·</span> 
     </span>
     <span class='ocr_line' id='line_1_88' title="bbox 1598 2175 2536 2233; baseline 0.012 -24"><span class='ocrx_word' id='word_1_723' title='bbox 1598 2188 1649 2223; x_wconf 88' lang='grc' dir='ltr'>ρος</span> <span class='ocrx_word' id='word_1_724' title='bbox 1667 2175 1812 2224; x_wconf 74' lang='grc' dir='ltr'>ἀόριστος</span> <span class='ocrx_word' id='word_1_725' title='bbox 1829 2176 1960 2224; x_wconf 74' lang='grc' dir='ltr'>ἔδραθον</span> <span class='ocrx_word' id='word_1_726' title='bbox 1984 2177 2038 2216; x_wconf 75' lang='grc' dir='ltr'>καὶ</span> <span class='ocrx_word' id='word_1_727' title='bbox 2063 2178 2147 2214; x_wconf 75' lang='grc' dir='ltr'>κατὰ</span> <span class='ocrx_word' id='word_1_728' title='bbox 2165 2181 2348 2226; x_wconf 75' lang='grc' dir='ltr'>μετάθεσιν</span> <span class='ocrx_word' id='word_1_729' title='bbox 2363 2185 2430 2219; x_wconf 82' lang='grc' dir='ltr'>τῶν</span> <span class='ocrx_word' id='word_1_730' title='bbox 2444 2197 2536 2233; x_wconf 77' lang='grc' dir='ltr'>γραμ-</span> 
     </span>
     <span class='ocr_line' id='line_1_89' title="bbox 1597 2228 2401 2284; baseline 0.01 -21"><span class='ocrx_word' id='word_1_731' title='bbox 1597 2228 1708 2276; x_wconf 82' lang='grc' dir='ltr'>μάτων</span> <span class='ocrx_word' id='word_1_732' title='bbox 1725 2229 1854 2278; x_wconf 82' lang='grc' dir='ltr'>ἔδαρθον</span> <span class='ocrx_word' id='word_1_733' title='bbox 1872 2231 1926 2266; x_wconf 79' lang='grc' dir='ltr'>καὶ</span> <span class='ocrx_word' id='word_1_734' title='bbox 1941 2231 1978 2267; x_wconf 80' lang='grc' dir='ltr'>τὸ</span> <span class='ocrx_word' id='word_1_735' title='bbox 1996 2231 2232 2283; x_wconf 79' lang='grc' dir='ltr'>ἀπαρέμφατον</span> <span class='ocrx_word' id='word_1_736' title='bbox 2252 2234 2401 2284; x_wconf 84' lang='grc' dir='ltr'>δαρθεῖν.</span> 
     </span>
    </p>

    <p class='ocr_par' dir='ltr' id='par_1_19' title="bbox 1595 2283 2533 2441">
     <span class='ocr_line' id='line_1_90' title="bbox 1646 2283 2533 2340; baseline 0.011 -23"><span class='ocrx_word' id='word_1_737' title='bbox 1646 2283 1708 2326; x_wconf 83' lang='lat'>41,</span> <span class='ocrx_word' id='word_1_738' title='bbox 1732 2285 1773 2318; x_wconf 88' lang='lat'>16</span> <span class='ocrx_word' id='word_1_739' title='bbox 1792 2283 1855 2318; x_wconf 74' lang='grc' dir='ltr'>ἰδία</span> <span class='ocrx_word' id='word_1_740' title='bbox 1872 2284 1909 2319; x_wconf 87' lang='grc' dir='ltr'>τὸ</span> <span class='ocrx_word' id='word_1_741' title='bbox 1923 2288 1980 2334; x_wconf 73' lang='grc' dir='ltr'>φεῦ</span> <span class='ocrx_word' id='word_1_742' title='bbox 1998 2287 2041 2321; x_wconf 90' lang='lat' dir='ltr'>V.</span> <span class='ocrx_word' id='word_1_743' title='bbox 2057 2314 2096 2322; x_wconf 88' lang='lat'>...</span> <span class='ocrx_word' id='word_1_744' title='bbox 2113 2299 2178 2331; x_wconf 84' lang='lat'>17,</span> <span class='ocrx_word' id='word_1_745' title='bbox 2203 2289 2249 2323; x_wconf 87' lang='lat'>18</span> <span class='ocrx_word' id='word_1_746' title='bbox 2272 2290 2295 2332; x_wconf 88' lang='grc' dir='ltr'>ἡ</span> <span class='ocrx_word' id='word_1_747' title='bbox 2316 2291 2445 2340; x_wconf 80' lang='grc' dir='ltr'>προξ.ἡ</span> <span class='ocrx_word' id='word_1_748' title='bbox 2461 2303 2533 2338; x_wconf 77' lang='grc' dir='ltr'>προν-</span> 
     </span>
     <span class='ocr_line' id='line_1_91' title="bbox 1595 2336 2533 2395; baseline 0.009 -22"><span class='ocrx_word' id='word_1_749' title='bbox 1595 2336 1650 2373; x_wconf 80' lang='grc' dir='ltr'>τὸν</span> <span class='ocrx_word' id='word_1_750' title='bbox 1667 2336 1769 2384; x_wconf 78' lang='grc' dir='ltr'>γάμον</span> <span class='ocrx_word' id='word_1_751' title='bbox 1787 2341 1826 2373; x_wconf 76' lang='lat' dir='ltr'>R.</span> <span class='ocrx_word' id='word_1_752' title='bbox 1840 2352 1956 2387; x_wconf 89' lang='grc' dir='ltr'>προμν.</span> <span class='ocrx_word' id='word_1_753' title='bbox 1972 2337 2005 2374; x_wconf 75' lang='grc' dir='ltr'>δὲ</span> <span class='ocrx_word' id='word_1_754' title='bbox 2018 2341 2092 2375; x_wconf 81' lang='grc' dir='ltr'>καλ.</span> <span class='ocrx_word' id='word_1_755' title='bbox 2107 2342 2129 2383; x_wconf 82' lang='grc' dir='ltr'>ἡ</span> <span class='ocrx_word' id='word_1_756' title='bbox 2144 2354 2253 2389; x_wconf 83' lang='grc' dir='ltr'>προν.,</span> <span class='ocrx_word' id='word_1_757' title='bbox 2267 2342 2312 2386; x_wconf 79' lang='grc' dir='ltr'>ἡν</span> <span class='ocrx_word' id='word_1_758' title='bbox 2325 2347 2386 2379; x_wconf 80' lang='grc' dir='ltr'>νῦν</span> <span class='ocrx_word' id='word_1_759' title='bbox 2403 2342 2533 2395; x_wconf 72' lang='grc' dir='ltr'>προξενή-</span> 
     </span>
     <span class='ocr_line' id='line_1_92' title="bbox 1596 2391 2061 2441; baseline 0.004 -15"><span class='ocrx_word' id='word_1_760' title='bbox 1596 2405 1686 2440; x_wconf 86' lang='grc' dir='ltr'>τριαν</span> <span class='ocrx_word' id='word_1_761' title='bbox 1703 2391 1798 2441; x_wconf 76' lang='grc' dir='ltr'>φησίν</span> <span class='ocrx_word' id='word_1_762' title='bbox 1822 2392 1931 2441; x_wconf 78' lang='grc' dir='ltr'>(φασίν</span> <span class='ocrx_word' id='word_1_763' title='bbox 1947 2393 2004 2440; x_wconf 91' lang='lat' dir='ltr'><strong>G.)</strong></span> <span class='ocrx_word' id='word_1_764' title='bbox 2021 2397 2061 2428; x_wconf 91' lang='lat' dir='ltr'>V.</span> 
     </span>
    </p>

    <p class='ocr_par' dir='ltr' id='par_1_20' title="bbox 1595 2445 2532 2643">
     <span class='ocr_line' id='line_1_93' title="bbox 1647 2445 2532 2498; baseline 0.011 -18"><span class='ocrx_word' id='word_1_765' title='bbox 1647 2445 1691 2480; x_wconf 76' lang='lat'>42</span> <span class='ocrx_word' id='word_1_766' title='bbox 1715 2458 1784 2480; x_wconf 91' lang='lat' dir='ltr'>om.</span> <span class='ocrx_word' id='word_1_767' title='bbox 1805 2447 1848 2482; x_wconf 90' lang='grc' dir='ltr'>Θ.</span> <span class='ocrx_word' id='word_1_768' title='bbox 1867 2450 1907 2481; x_wconf 85' lang='lat' dir='ltr'>R.</span> <span class='ocrx_word' id='word_1_769' title='bbox 1927 2446 2032 2482; x_wconf 76' lang='lat' dir='ltr'>habet</span> <span class='ocrx_word' id='word_1_770' title='bbox 2049 2446 2119 2483; x_wconf 81' lang='grc' dir='ltr'>ἀντὶ</span> <span class='ocrx_word' id='word_1_771' title='bbox 2133 2451 2191 2483; x_wconf 82' lang='grc' dir='ltr'>τοῦ</span> <span class='ocrx_word' id='word_1_772' title='bbox 2207 2448 2386 2498; x_wconf 78' lang='grc' dir='ltr'>ἐχαύνωσε</span> <span class='ocrx_word' id='word_1_773' title='bbox 2399 2453 2453 2488; x_wconf 77' lang='grc' dir='ltr'>καὶ</span> <span class='ocrx_word' id='word_1_774' title='bbox 2464 2451 2532 2495; x_wconf 56' lang='lat' dir='ltr'>imi·</span> 
     </span>
     <span class='ocr_line' id='line_1_94' title="bbox 1595 2501 2530 2552; baseline 0.011 -19"><span class='ocrx_word' id='word_1_775' title='bbox 1595 2514 1685 2543; x_wconf 84' lang='grc' dir='ltr'>τησε.</span> <span class='ocrx_word' id='word_1_776' title='bbox 1702 2527 1741 2534; x_wconf 89' lang='grc'>..</span> <span class='ocrx_word' id='word_1_777' title='bbox 1756 2512 1800 2534; x_wconf 74' lang='lat'>22</span> <span class='ocrx_word' id='word_1_778' title='bbox 1815 2501 1978 2551; x_wconf 78' lang='grc' dir='ltr'>οἰκουργὸν</span> <span class='ocrx_word' id='word_1_779' title='bbox 1990 2502 2174 2552; x_wconf 79' lang='grc' dir='ltr'>φάσκουσαν</span> <span class='ocrx_word' id='word_1_780' title='bbox 2188 2506 2233 2538; x_wconf 87' lang='lat' dir='ltr'>V.</span> <span class='ocrx_word' id='word_1_781' title='bbox 2246 2531 2257 2549; x_wconf 87' lang='lat'>,</span> <span class='ocrx_word' id='word_1_782' title='bbox 2274 2506 2345 2541; x_wconf 86' lang='lat' dir='ltr'>sed</span> <span class='ocrx_word' id='word_1_783' title='bbox 2360 2516 2454 2542; x_wconf 83' lang='lat' dir='ltr'>recte</span> <span class='ocrx_word' id='word_1_784' title='bbox 2471 2507 2530 2542; x_wconf 81' lang='lat' dir='ltr'>Sui-</span> 
     </span>
     <span class='ocr_line' id='line_1_95' title="bbox 1597 2552 2532 2608; baseline 0.012 -21"><span class='ocrx_word' id='word_1_785' title='bbox 1597 2553 1669 2588; x_wconf 79' lang='lat' dir='ltr'><strong>das.</strong></span> <span class='ocrx_word' id='word_1_786' title='bbox 1682 2581 1719 2587; x_wconf 79' lang='grc'><strong>-</strong></span> <span class='ocrx_word' id='word_1_787' title='bbox 1735 2555 1778 2587; x_wconf 81' lang='lat'>23</span> <span class='ocrx_word' id='word_1_788' title='bbox 1794 2552 1931 2601; x_wconf 74' lang='grc' dir='ltr'>ἐχούσης</span> <span class='ocrx_word' id='word_1_789' title='bbox 1948 2555 2044 2591; x_wconf 85' lang='lat' dir='ltr'><strong>Suid.</strong></span> <span class='ocrx_word' id='word_1_790' title='bbox 2056 2582 2065 2600; x_wconf 91' lang='lat'>,</span> <span class='ocrx_word' id='word_1_791' title='bbox 2084 2557 2146 2603; x_wconf 89' lang='lat' dir='ltr'>qui</span> <span class='ocrx_word' id='word_1_792' title='bbox 2166 2557 2275 2594; x_wconf 82' lang='lat' dir='ltr'>initio</span> <span class='ocrx_word' id='word_1_793' title='bbox 2294 2560 2429 2596; x_wconf 78' lang='lat' dir='ltr'>scholii</span> <span class='ocrx_word' id='word_1_794' title='bbox 2446 2563 2532 2608; x_wconf 57' lang='lat' dir='ltr'>filu-:¹³</span> 
     </span>
     <span class='ocr_line' id='line_1_96' title="bbox 1597 2605 2020 2643; baseline 0.005 -1"><span class='ocrx_word' id='word_1_795' title='bbox 1597 2605 1743 2642; x_wconf 79' lang='grc' dir='ltr'>ἀνέπεισε</span> <span class='ocrx_word' id='word_1_796' title='bbox 1758 2606 1865 2643; x_wconf 82' lang='lat' dir='ltr'><strong>addit.</strong></span> <span class='ocrx_word' id='word_1_797' title='bbox 2015 2616 2020 2622; x_wconf 95' lang='grc'><em>“</em></span> 
     </span>
    </p>

    <p class='ocr_par' dir='ltr' id='par_1_21' title="bbox 1594 2658 2530 2982">
     <span class='ocr_line' id='line_1_97' title="bbox 1648 2658 2530 2712; baseline 0.011 -17"><span class='ocrx_word' id='word_1_798' title='bbox 1648 2667 1705 2704; x_wconf 88' lang='grc'>44,</span> <span class='ocrx_word' id='word_1_799' title='bbox 1724 2663 1768 2696; x_wconf 89' lang='lat'>30</span> <span class='ocrx_word' id='word_1_800' title='bbox 1786 2674 1839 2708; x_wconf 88' lang='lat' dir='ltr'>sq.</span> <span class='ocrx_word' id='word_1_801' title='bbox 1855 2661 1965 2712; x_wconf 81' lang='grc' dir='ltr'>ὥσπερ</span> <span class='ocrx_word' id='word_1_802' title='bbox 1980 2658 2209 2700; x_wconf 56' lang='grc' dir='ltr'>αἴν’-ἀστικῶν</span> <span class='ocrx_word' id='word_1_803' title='bbox 2228 2679 2303 2702; x_wconf 91' lang='lat' dir='ltr'>om.</span> <span class='ocrx_word' id='word_1_804' title='bbox 2322 2672 2418 2704; x_wconf 58' lang='lat' dir='ltr'>V.-</span> <span class='ocrx_word' id='word_1_805' title='bbox 2437 2670 2474 2704; x_wconf 82' lang='grc'>31</span> <span class='ocrx_word' id='word_1_806' title='bbox 2498 2662 2530 2704; x_wconf 72' lang='grc' dir='ltr'>αἶ</span> 
     </span>
     <span class='ocr_line' id='line_1_98' title="bbox 1596 2712 2530 2767; baseline 0.009 -17"><span class='ocrx_word' id='word_1_807' title='bbox 1596 2715 1720 2750; x_wconf 84' lang='lat' dir='ltr'>Suidas</span> <span class='ocrx_word' id='word_1_808' title='bbox 1746 2728 1772 2751; x_wconf 89' lang='lat' dir='ltr'>s.</span> <span class='ocrx_word' id='word_1_809' title='bbox 1803 2717 1985 2766; x_wconf 78' lang='grc' dir='ltr'>Εὐρωτιῶν.</span> <span class='ocrx_word' id='word_1_810' title='bbox 2000 2712 2054 2753; x_wconf 64' lang='grc' dir='ltr'>οὖν</span> <span class='ocrx_word' id='word_1_811' title='bbox 2082 2722 2137 2761; x_wconf 65' lang='lat' dir='ltr'>R„</span> <span class='ocrx_word' id='word_1_812' title='bbox 2167 2721 2231 2767; x_wconf 87' lang='lat' dir='ltr'>qui</span> <span class='ocrx_word' id='word_1_813' title='bbox 2247 2720 2289 2757; x_wconf 76' lang='grc' dir='ltr'>τὸ</span> <span class='ocrx_word' id='word_1_814' title='bbox 2311 2721 2347 2758; x_wconf 73' lang='grc' dir='ltr'>δὲ</span> <span class='ocrx_word' id='word_1_815' title='bbox 2366 2736 2438 2760; x_wconf 91' lang='lat' dir='ltr'>om.</span> <span class='ocrx_word' id='word_1_816' title='bbox 2452 2724 2530 2758; x_wconf 82' lang='lat'>-33</span> 
     </span>
     <span class='ocr_line' id='line_1_99' title="bbox 1595 2770 2530 2820; baseline 0.007 -16"><span class='ocrx_word' id='word_1_817' title='bbox 1595 2770 1760 2816; x_wconf 84' lang='grc' dir='ltr'>κειμένου,</span> <span class='ocrx_word' id='word_1_818' title='bbox 1773 2771 1815 2813; x_wconf 85' lang='grc'>34</span> <span class='ocrx_word' id='word_1_819' title='bbox 1830 2770 1942 2820; x_wconf 83' lang='grc' dir='ltr'>ὥσπερ</span> <span class='ocrx_word' id='word_1_820' title='bbox 1954 2771 2142 2819; x_wconf 79' lang='grc' dir='ltr'>νοτιζόμενα</span> <span class='ocrx_word' id='word_1_821' title='bbox 2150 2776 2208 2820; x_wconf 91' lang='grc' dir='ltr'>Θ.,</span> <span class='ocrx_word' id='word_1_822' title='bbox 2225 2777 2402 2814; x_wconf 76' lang='lat' dir='ltr'>omittens</span> <span class='ocrx_word' id='word_1_823' title='bbox 2413 2779 2470 2814; x_wconf 85' lang='lat' dir='ltr'><strong>lin.</strong></span> <span class='ocrx_word' id='word_1_824' title='bbox 2486 2778 2530 2813; x_wconf 85' lang='lat'>35.</span> 
     </span>
     <span class='ocr_line' id='line_1_100' title="bbox 1595 2824 2529 2878; baseline 0.009 -20"><span class='ocrx_word' id='word_1_825' title='bbox 1595 2824 1691 2858; x_wconf 78' lang='lat' dir='ltr'>Infra</span> <span class='ocrx_word' id='word_1_826' title='bbox 1711 2824 1871 2861; x_wconf 83' lang='lat' dir='ltr'>scholion</span> <span class='ocrx_word' id='word_1_827' title='bbox 1899 2825 2003 2861; x_wconf 84' lang='lat' dir='ltr'><strong>habet</strong></span> <span class='ocrx_word' id='word_1_828' title='bbox 2030 2827 2116 2871; x_wconf 89' lang='lat' dir='ltr'>hoc,</span> <span class='ocrx_word' id='word_1_829' title='bbox 2141 2831 2372 2878; x_wconf 81' lang='grc' dir='ltr'>σεσημμένος,</span> <span class='ocrx_word' id='word_1_830' title='bbox 2397 2832 2462 2868; x_wconf 73' lang='grc' dir='ltr'>ἀπὸ</span> <span class='ocrx_word' id='word_1_831' title='bbox 2485 2834 2529 2866; x_wconf 82' lang='grc' dir='ltr'>τοῦ</span> 
     </span>
     <span class='ocr_line' id='line_1_101' title="bbox 1594 2877 2530 2936; baseline 0.013 -24"><span class='ocrx_word' id='word_1_832' title='bbox 1594 2877 1693 2927; x_wconf 82' lang='grc' dir='ltr'>εὗρὼς</span> <span class='ocrx_word' id='word_1_833' title='bbox 1714 2881 1730 2913; x_wconf 79' lang='grc' dir='ltr'>ὁ</span> <span class='ocrx_word' id='word_1_834' title='bbox 1748 2878 1886 2923; x_wconf 82' lang='grc' dir='ltr'>σκώληξ.</span> <span class='ocrx_word' id='word_1_835' title='bbox 1912 2879 2164 2929; x_wconf 80' lang='grc' dir='ltr'>ἀνεπιμέλητος,</span> <span class='ocrx_word' id='word_1_836' title='bbox 2179 2885 2447 2931; x_wconf 68' lang='grc' dir='ltr'>ἀκαλλώπιστος.</span> <span class='ocrx_word' id='word_1_837' title='bbox 2460 2886 2530 2936; x_wconf 68' lang='grc' dir='ltr'>κορῦ</span> 
     </span>
     <span class='ocr_line' id='line_1_102' title="bbox 1595 2931 1956 2982; baseline 0.011 -16"><span class='ocrx_word' id='word_1_838' title='bbox 1595 2932 1658 2979; x_wconf 82' lang='grc' dir='ltr'>γὰρ</span> <span class='ocrx_word' id='word_1_839' title='bbox 1672 2931 1710 2967; x_wconf 84' lang='grc' dir='ltr'>τὸ</span> <span class='ocrx_word' id='word_1_840' title='bbox 1726 2933 1956 2982; x_wconf 81' lang='grc' dir='ltr'>ἐπιμελοῦμαι.</span> 
     </span>
    </p>

    <p class='ocr_par' dir='ltr' id='par_1_22' title="bbox 1594 2985 2531 3291">
     <span class='ocr_line' id='line_1_103' title="bbox 1645 2985 2375 3032; baseline 0.016 -14"><span class='ocrx_word' id='word_1_841' title='bbox 1645 2985 1703 3029; x_wconf 82' lang='grc'>45,</span> <span class='ocrx_word' id='word_1_842' title='bbox 1721 2986 1767 3021; x_wconf 81' lang='grc'>43</span> <span class='ocrx_word' id='word_1_843' title='bbox 1788 2985 1890 3028; x_wconf 80' lang='grc' dir='ltr'>αὔξων</span> <span class='ocrx_word' id='word_1_844' title='bbox 1908 2988 1963 3024; x_wconf 80' lang='grc' dir='ltr'>καὶ</span> <span class='ocrx_word' id='word_1_845' title='bbox 1979 2987 2149 3032; x_wconf 80' lang='grc' dir='ltr'>πληθύνων</span> <span class='ocrx_word' id='word_1_846' title='bbox 2164 2991 2295 3028; x_wconf 72' lang='lat' dir='ltr'>Suidas</span> <span class='ocrx_word' id='word_1_847' title='bbox 2312 3006 2341 3031; x_wconf 80' lang='lat' dir='ltr'>S.</span> <span class='ocrx_word' id='word_1_848' title='bbox 2363 2994 2375 3007; x_wconf 81' lang='lat'>²</span> 
     </span>
     <span class='ocr_line' id='line_1_104' title="bbox 1594 3039 2531 3095; baseline 0.019 -26"><span class='ocrx_word' id='word_1_849' title='bbox 1594 3039 1688 3080; x_wconf 78' lang='lat'><strong>...44</strong></span> <span class='ocrx_word' id='word_1_850' title='bbox 1706 3039 1822 3087; x_wconf 86' lang='grc' dir='ltr'>κυρίως</span> <span class='ocrx_word' id='word_1_851' title='bbox 1839 3040 1970 3089; x_wconf 78' lang='grc' dir='ltr'>λέγεται</span> <span class='ocrx_word' id='word_1_852' title='bbox 1983 3056 2052 3079; x_wconf 90' lang='lat' dir='ltr'>om.</span> <span class='ocrx_word' id='word_1_853' title='bbox 2069 3046 2218 3087; x_wconf 78' lang='grc'>8.-45</span> <span class='ocrx_word' id='word_1_854' title='bbox 2240 3046 2364 3084; x_wconf 71' lang='grc' dir='ltr'>ἐλαιῶν</span> <span class='ocrx_word' id='word_1_855' title='bbox 2379 3048 2531 3095; x_wconf 69' lang='lat' dir='ltr'>hicet⁴9</span> 
     </span>
     <span class='ocr_line' id='line_1_105' title="bbox 1595 3093 2531 3151; baseline 0.01 -23"><span class='ocrx_word' id='word_1_856' title='bbox 1595 3093 1638 3129; x_wconf 88' lang='grc' dir='ltr'>Θ.</span> <span class='ocrx_word' id='word_1_857' title='bbox 1654 3094 1853 3140; x_wconf 84' lang='lat' dir='ltr'>Legebatur</span> <span class='ocrx_word' id='word_1_858' title='bbox 1866 3096 2090 3145; x_wconf 81' lang='grc' dir='ltr'>περιπίσματα</span> <span class='ocrx_word' id='word_1_859' title='bbox 2106 3098 2163 3134; x_wconf 87' lang='lat' dir='ltr'>hic</span> <span class='ocrx_word' id='word_1_860' title='bbox 2178 3107 2215 3136; x_wconf 82' lang='lat' dir='ltr'>et</span> <span class='ocrx_word' id='word_1_861' title='bbox 2233 3102 2360 3147; x_wconf 82' lang='lat' dir='ltr'>paullo</span> <span class='ocrx_word' id='word_1_862' title='bbox 2375 3109 2469 3151; x_wconf 80' lang='lat' dir='ltr'><strong>post.</strong></span> <span class='ocrx_word' id='word_1_863' title='bbox 2485 3115 2531 3136; x_wconf 71' lang='grc' dir='ltr'>τε·</span> 
     </span>
     <span class='ocr_line' id='line_1_106' title="bbox 1597 3145 2531 3196; baseline 0.011 -15"><span class='ocrx_word' id='word_1_864' title='bbox 1597 3145 1801 3196; x_wconf 84' lang='grc' dir='ltr'>ριπτύσματα</span> <span class='ocrx_word' id='word_1_865' title='bbox 1816 3149 1871 3185; x_wconf 79' lang='lat' dir='ltr'>bis</span> <span class='ocrx_word' id='word_1_866' title='bbox 1882 3152 1925 3187; x_wconf 87' lang='grc' dir='ltr'>Θ.</span> <span class='ocrx_word' id='word_1_867' title='bbox 1941 3152 2037 3187; x_wconf 85' lang='lat' dir='ltr'>Idem</span> <span class='ocrx_word' id='word_1_868' title='bbox 2053 3152 2181 3188; x_wconf 83' lang='lat' dir='ltr'>vitium</span> <span class='ocrx_word' id='word_1_869' title='bbox 2195 3157 2341 3191; x_wconf 85' lang='lat' dir='ltr'>correxi</span> <span class='ocrx_word' id='word_1_870' title='bbox 2356 3157 2394 3191; x_wconf 86' lang='lat' dir='ltr'>in</span> <span class='ocrx_word' id='word_1_871' title='bbox 2409 3156 2531 3193; x_wconf 73' lang='lat' dir='ltr'>scholio</span> 
     </span>
     <span class='ocr_line' id='line_1_107' title="bbox 1596 3201 2529 3291; baseline 0.016 -57"><span class='ocrx_word' id='word_1_872' title='bbox 1596 3201 1713 3291; x_wconf 41' lang='lat' dir='ltr'><strong>qugit.</strong></span> <span class='ocrx_word' id='word_1_873' title='bbox 1736 3204 1817 3238; x_wconf 84' lang='lat'><strong>803.</strong></span> <span class='ocrx_word' id='word_1_874' title='bbox 1844 3207 2004 3240; x_wconf 81' lang='lat' dir='ltr'><strong>Dum.—</strong></span> <span class='ocrx_word' id='word_1_875' title='bbox 2029 3208 2074 3246; x_wconf 91' lang='grc'>46</span> <span class='ocrx_word' id='word_1_876' title='bbox 2102 3207 2265 3243; x_wconf 86' lang='grc' dir='ltr'>ἀνάπαλιν</span> <span class='ocrx_word' id='word_1_877' title='bbox 2291 3222 2366 3246; x_wconf 89' lang='lat' dir='ltr'>om.</span> <span class='ocrx_word' id='word_1_878' title='bbox 2390 3212 2529 3254; x_wconf 67' lang='grc'>8.-47</span> 
     </span>
     <span class='ocr_line' id='line_1_108' title="bbox 1595 3268 1691 3290; baseline -0.01 0"><span class='ocrx_word' id='word_1_879' title='bbox 1595 3268 1632 3290; x_wconf 92' lang='grc' dir='ltr'>το</span> <span class='ocrx_word' id='word_1_880' title='bbox 1684 3281 1691 3289; x_wconf 93' lang='grc'>.</span> 
     </span>
    </p>

    <p class='ocr_par' dir='ltr' id='par_1_23' title="bbox 1594 3308 2532 3423">
     <span class='ocr_line' id='line_1_109' title="bbox 1645 3308 2531 3363; baseline 0.017 -21"><span class='ocrx_word' id='word_1_881' title='bbox 1645 3308 1691 3343; x_wconf 80' lang='grc'>46</span> <span class='ocrx_word' id='word_1_882' title='bbox 1717 3309 1927 3348; x_wconf 82' lang='grc' dir='ltr'>ἐδιπλασίασε</span> <span class='ocrx_word' id='word_1_883' title='bbox 1952 3319 1989 3348; x_wconf 81' lang='grc' dir='ltr'>τὸ</span> <span class='ocrx_word' id='word_1_884' title='bbox 2016 3312 2118 3361; x_wconf 81' lang='grc' dir='ltr'>ὄνομα</span> <span class='ocrx_word' id='word_1_885' title='bbox 2135 3327 2158 3350; x_wconf 75' lang='lat' dir='ltr'><strong>a</strong></span> <span class='ocrx_word' id='word_1_886' title='bbox 2173 3327 2220 3352; x_wconf 88' lang='lat' dir='ltr'>m.</span> <span class='ocrx_word' id='word_1_887' title='bbox 2246 3328 2318 3354; x_wconf 76' lang='lat' dir='ltr'><strong>sec.</strong></span> <span class='ocrx_word' id='word_1_888' title='bbox 2349 3319 2461 3356; x_wconf 74' lang='lat' dir='ltr'>habet</span> <span class='ocrx_word' id='word_1_889' title='bbox 2488 3322 2531 3363; x_wconf 74' lang='lat' dir='ltr'><strong>V.‚</strong></span> 
     </span>
     <span class='ocr_line' id='line_1_110' title="bbox 1594 3365 2532 3423; baseline 0.015 -25"><span class='ocrx_word' id='word_1_890' title='bbox 1594 3374 1667 3400; x_wconf 85' lang='lat' dir='ltr'>om.</span> <span class='ocrx_word' id='word_1_891' title='bbox 1687 3368 1729 3400; x_wconf 89' lang='lat' dir='ltr'>G.</span> <span class='ocrx_word' id='word_1_892' title='bbox 1747 3365 2134 3415; x_wconf 75' lang='grc' dir='ltr'>εἰρωνευόμενος-αὐτὸς</span> <span class='ocrx_word' id='word_1_893' title='bbox 2152 3383 2225 3407; x_wconf 89' lang='lat' dir='ltr'>om.</span> <span class='ocrx_word' id='word_1_894' title='bbox 2248 3372 2313 3416; x_wconf 73' lang='grc'>8.,</span> <span class='ocrx_word' id='word_1_895' title='bbox 2341 3376 2409 3423; x_wconf 82' lang='lat' dir='ltr'>qui</span> <span class='ocrx_word' id='word_1_896' title='bbox 2437 3388 2458 3411; x_wconf 72' lang='lat' dir='ltr'>a</span> <span class='ocrx_word' id='word_1_897' title='bbox 2475 3375 2532 3411; x_wconf 70' lang='grc' dir='ltr'>δια·</span> 
     </span>
    </p>
   </div>
  </div>
 </body>
</html>
