2931 4012
1147 412 1380 451 scflomA
1413 414 1462 451 IN
1494 414 1680 453 Nunsss.
2354 416 2399 461 03
2447 413 2451 417 “

430 511 495 533 ται.
514 498 587 532 ἔνθα
601 493 656 530 καὶ
674 493 729 530 τὸν
745 492 850 543 κριὸν,
865 492 899 534 ὃς
917 491 978 529 ὑπὸ
988 494 1052 528 τῶν
1067 494 1146 529 θεῶν
1163 493 1390 543 χρυσόμαλλος

429 551 538 599 γέγονε
548 578 559 596 ,
577 548 643 585 θύει
656 550 701 598 τῷ
712 546 746 584 'A
753 562 799 597 ρει
812 546 834 591 ἢ
848 550 895 597 τῷ
910 546 1020 596 Ἑρμῆ
1032 575 1041 588 ,
1056 547 1112 583 καὶ
1126 547 1322 592 κατοικήσας
1337 550 1392 584 αὐ-

429 606 498 642 τόθι
516 603 657 651 τοῦνομα
672 601 888 639 καταλέλοιπε
909 604 956 650 τῷ
971 602 1072 651 τόπῳ.
1097 603 1134 637 ἐκ
1158 600 1271 638 τούτου
1289 601 1352 652 γὰρ
1370 605 1390 646 ἠ

432 658 561 708 Φρυγία
587 657 687 697 οὕτως
709 655 841 700 ἐκληθη.
858 655 1042 703 Ἀθάμαντα
1061 655 1094 691 δὲ
1115 658 1136 699 ἡ
1153 656 1317 705 Νεφέλη’”
1299 655 1390 699 οίκην

397 730 413 754 ⁶
432 715 514 762 αὐτῇ
546 711 657 748 δώσειν
689 710 742 746 διὰ
766 725 838 750 τους
859 710 978 751 παῖδας
1001 709 1170 754 πεποίηκε·
1198 710 1392 759 προσαχθεις

431 761 485 803 οὖν
500 767 746 833 στεφανηφορῶν
761 765 794 800 ἐν
807 766 853 800 τῶ
875 766 978 813 βωμῶ
992 778 1046 800 του
1062 763 1137 805 Διος
1151 764 1393 815 σφαγησόμενος

431 820 496 858 ὑπὸ
508 819 705 870 Ἡρακλέους
719 833 755 855 σε
748 818 892 855 ’.σωσται
912 817 997 854 οὕτω
1008 816 1072 867 γὰρ
1092 819 1260 867 Σοφοκλῆς
1273 819 1337 853 ἐν
1319 818 1393 867 ορά-

433 890 513 944 ματι
533 889 575 911 πε
559 874 701 918 εποίηκε.
777 872 913 913 ’.Αλλως
938 874 971 908 ἐν
977 871 1169 941 Ἀθάμαντι
1195 872 1394 923 Σοφοκλέους

434 928 603 965 ὑπόκειται
612 927 754 975 Ἀθάμας
770 941 1030 977 στεφανηφορων,
1041 925 1152 976 ὥσπερ
1164 926 1288 975 ἱερεῖον,
1304 925 1394 967 δίκας

389 999 418 1022 ιιι
432 980 698 1031 εἰσπραττόμενος
718 980 792 1030 περὶ
812 980 954 1030 Φρύξου.
1035 979 1186 1029 ’Λλλως.]
1200 983 1293 1016 τοῦτο
1310 979 1394 1029 ,πρὸς

434 1037 486 1072 τὸν
504 1035 610 1086 ἕτερον
629 1034 812 1082 Ἀθάμαντα
826 1032 1027 1085 Σοφοκλέους
1041 1035 1285 1081 ἀποτεινόμενος
1295 1032 1393 1081 λέγει.

434 1093 451 1127 ὁ
466 1090 529 1140 γάρ
549 1104 598 1127 τοι
624 1090 791 1139 Σοφοκλῆς
809 1088 967 1133 πεποίηκε
986 1087 1040 1124 τὸν
1057 1087 1240 1135 Ἀθάμαντα
1259 1089 1394 1138 ἐστεφα-

433 1144 574 1193 νωμένον
590 1144 646 1180 καὶ
659 1145 852 1192 παρεστῶτα
869 1145 914 1192 τῷ
931 1144 1031 1192 βωμῷ
1044 1145 1101 1178 τοῦ
1116 1142 1191 1183 Διὸς
1201 1144 1245 1183 ὡς
1256 1155 1394 1192 σφαγια-

434 1197 643 1246 σθησόμενον,
663 1197 822 1245 μέλλοντα
836 1195 871 1233 δὲ
887 1196 1149 1246 ἀποσφάττεσθαι
1167 1196 1274 1241 αὐτὸν,
1289 1210 1396 1246 παρα·

388 1269 418 1293 15
435 1252 602 1299 γενόμενον
617 1249 782 1301 Ἡρακλέα
797 1249 853 1287 καὶ
865 1253 976 1286 τοῦτον
989 1249 1126 1285 θανάτου
1142 1249 1306 1300 ῥυόμενον,
1324 1248 1395 1298 [λέ-

434 1320 532 1355 γοντα
549 1308 592 1347 ὡς
609 1304 741 1347 σώζοιτο
754 1307 772 1340 ὁ
789 1303 933 1354 Φρύξος,
952 1304 992 1339 δι’
1018 1303 1053 1339 ὃν
1071 1302 1204 1352 ἔμελλεν
1219 1305 1335 1345 ἐκεῖνος
1348 1319 1396 1340 τε·

435 1360 613 1404 θνήξεσθαι.
632 1358 704 1395 ἐπεὶ
719 1353 773 1395 ουν
791 1358 848 1395 καὶ
871 1361 888 1394 ὃ
908 1357 1122 1408 πρεσὸύτης”
1104 1372 1271 1403 εστεπται,
1285 1357 1395 1409 ὥσπερ

431 1413 671 1464 παραδείγματι
693 1415 740 1463 τῶ
767 1414 838 1449 κατ’
868 1413 987 1449 ἐκεῖνον
1014 1411 1201 1462 χρώμενος,
1221 1410 1396 1450 δεδοικέναι

432 1469 528 1518 φησὶν
541 1467 651 1516 ἐκείνῳ
664 1465 891 1515 παραπλησια.
902 1466 918 1515 ]
931 1487 981 1494 -
992 1467 1034 1507 ὡς
1049 1466 1194 1516 ἄγροικος
1209 1466 1394 1514 Ἀθάμαντα

380 1538 414 1561 20
430 1519 518 1560 εἶπεν
544 1522 614 1558 ἀντὶ
642 1521 778 1579 Φρίξου.
807 1521 878 1557 ἀντι
896 1524 952 1558 τοῦ
983 1521 1083 1557 εἰπεῖν
1110 1520 1164 1558 τὸν
1190 1521 1309 1571 Φρίξον
1338 1520 1393 1558 τὸν

432 1577 615 1624 Ἀθάμαντα
632 1569 731 1620 εἶπεν,
750 1577 794 1616 ὡς
809 1575 956 1624 ἄγροικος
973 1577 1095 1622 ἀγνοῶν
1113 1574 1172 1616 τὰς
1186 1574 1339 1624 ἱστορίας·
1357 1576 1393 1611 οὗ

431 1631 492 1681 γὰρ
508 1629 646 1698 ιὶθάμας
660 1628 800 1678 [ἐτύθη],
816 1629 888 1665 ἀλλ’
902 1631 919 1664 ὁ
934 1628 1064 1678 Φρίξος.
1083 1636 1120 1665 R.

480 1698 539 1722 που.
565 1683 638 1725 τους
652 1681 894 1730 τελουμένους.
913 1681 997 1723 Τοὺς
1022 1680 1230 1730 μυουμένους.
1256 1681 1391 1725 ἐνδόξοις

432 1738 465 1775 δὲ
480 1738 664 1789 μυστηρίοις
677 1737 885 1788 παραὸάλλει
898 1735 939 1772 τὰ
956 1738 1020 1772 τῶν
1043 1737 1224 1787 φιλοσόφων
1240 1737 1395 1785 μαθήμα-

383 1807 416 1830 25
431 1808 492 1837 τα,
516 1792 569 1828 ἵνα
601 1791 648 1827 ἔτι
667 1792 790 1839 μᾶλλον
811 1790 906 1840 πείθῃ
929 1788 1101 1840 προσέχειν
1117 1790 1171 1827 τὸν
1194 1789 1330 1841 γέροντα
1351 1792 1396 1832 ὥς
1431 1806 1433 1808 ’

432 1846 578 1897 θειοτέρῳ
591 1848 638 1896 τῷ
650 1845 832 1896 πράγματι.

482 1900 569 1950 [2⁰0]
593 1882 697 1949 λέγειν
706 1898 835 1949 γενήσει
847 1898 992 1948 τρίμματ
1019 1897 1144 1940 Ἱκανος
1157 1913 1214 1935 και
1225 1897 1356 1940 δεινὸς”
1338 1913 1395 1947 εσῃ

432 1953 622 2002 λέγειν.·(κα“ι
636 1952 841 2001 Δημοσθένης
856 1950 900 1998 [p.
915 1952 979 2001 26⁹]
995 1954 1027 1988 ἐν
1051 1955 1099 2003 τῷ
1115 1951 1260 2001 περὶτοῦ
1277 1951 1397 2002 στεφά-

432 2023 487 2045 νου
505 2011 548 2050 ὡς
569 2009 686 2044 ἰταμοῦ
702 2006 758 2043 καὶ
779 2005 991 2055 ἀναισχύντου
1008 2004 1139 2056 ῥήτορος
1155 2006 1397 2054 καθαπτόμενος

383 2077 416 2099 :10
436 2061 603 2111 Αἰσχίνου,
616 2060 818 2110 περίτριμμα
836 2062 954 2109 ἀγορᾶς
969 2059 1066 2096 αὐτὸν
1080 2060 1185 2097 καλεῖ.
1202 2058 1327 2110 τρίμμα
1345 2058 1396 2105 δὲ,

433 2115 641 2166 τετριμμένος
659 2116 691 2151 ἐν
713 2114 828 2163 λόγοις.
824 2113 998 2181 κρόταλον
1017 2113 1068 2158 δὲ,
1084 2113 1398 2162 εὕγλωττος,εὔστο-

434 2186 502 2219 μος.
518 2173 539 2214 ἡ
556 2167 723 2236 μεταφορὰ
740 2171 777 2206 ἐκ
789 2184 845 2206 του
862 2168 1031 2219 κροτάλου.
1054 2172 1157 2204 ταῦτα
1176 2167 1210 2204 δὲ
1228 2167 1330 2217 λέγων
1343 2167 1396 2205 λί-

434 2229 504 2266 θους
525 2222 692 2273 συγκρούει
707 2223 825 2259 ἄνωθεν
843 2224 953 2260 αὐτοῦ.
970 2222 1096 2273 τρίμμα
1114 2237 1170 2259 ουν
1198 2216 1267 2259 εἶπε
1288 2220 1342 2258 διὰ
1360 2222 1397 2259 τὸ

433 2279 599 2345 τρίὸεσθαι
626 2276 698 2319 τους
725 2277 840 2318 λίθους·
858 2277 1015 2327 κρόταλον
1035 2276 1069 2313 δὲ
1095 2276 1148 2313 διὰ
1168 2290 1205 2313 το
1227 2275 1397 2326 κρούεσθαι

385 2347 416 2370 35
435 2332 541 2370 αὐτόν·
559 2332 711 2376 παιπάλη
730 2331 763 2367 δὲ
787 2330 841 2368 διὰ
856 2329 915 2375 τὴν
941 2329 1140 2381 τραχύτητα·
1156 2330 1226 2366 ἐπεὶ
1246 2331 1396 2366 παίπαλα

434 2389 595 2434 καλοῦμεν
610 2385 652 2423 τὰ
672 2385 830 2423 δύσὸατα.
906 2384 1052 2433 Ἄλλως.)
1076 2388 1180 2422 ταῦτα
1205 2384 1305 2433 λέγων
1327 2383 1397 2432 ἅμα

434 2444 452 2478 ὃ
478 2440 654 2490 Σωκράτης
678 2439 784 2481 λίθους
799 2437 1011 2488 παρατρίὸων
1030 2438 1187 2488 πωρίνους
1203 2438 1260 2475 καὶ
1274 2436 1396 2488 κρούων

433 2496 512 2545 πρὸς
528 2495 703 2542 ἀλλήλους,
724 2493 913 2541 συναγαγὼν
930 2492 972 2528 τὰ
987 2492 1052 2529 ἀπὸ
1068 2492 1188 2529 τούτων
1204 2491 1397 2543 θραύσματα

436 2550 558 2599 βάλλει
574 2548 629 2585 τὸν
644 2547 841 2598 πρεσὸύτην,
861 2546 1008 2596 καθάπερ
1022 2545 1064 2582 τὰ
1083 2548 1183 2597 ἱερεῖα
1198 2548 1268 2587 ταῖς
1289 2547 1399 2588 οὗλαῖς

384 2616 417 2639 ιι)
434 2608 463 2641 οἱ
483 2603 621 2644 θύοντες.
637 2602 694 2639 καὶ
711 2601 765 2638 διὰ
783 2604 877 2637 τοῦτο
893 2601 1002 2642 παίζει
1016 2605 1082 2642 τοῖς
1105 2599 1252 2649 ὀνόμασι.
1271 2599 1398 2650 τρίμμα

436 2657 494 2705 μὲν
517 2656 575 2700 τὴν
599 2655 663 2693 ἀπὸ
680 2654 800 2692 τούτων
823 2653 1039 2691 ἐκπίπτουσαν
1056 2652 1216 2698 λατύπην.
1236 2655 1397 2702 καλοῦμεν

435 2711 469 2747 δὲ
486 2711 542 2747 καὶ
558 2712 622 2747 τῶν
633 2708 812 2759 ἀνθρώπων
827 2708 899 2750 τοὺς
910 2713 1134 2758 κακεντρεχεῖς
1144 2708 1200 2745 καὶ
1215 2707 1261 2756 μὴ
1279 2708 1399 2750 ἄπλους

435 2765 602 2815 τρίμματα
615 2765 672 2801 καὶ
685 2762 931 2814 περιτρίμματα
948 2762 1004 2799 καὶ
1018 2761 1234 2812 πολυκρότους
1250 2762 1306 2799 καὶ
1325 2762 1401 2813 κρό-

435 2821 531 2856 ταλα.
547 2818 617 2855 ὅθεν
642 2818 698 2855 καὶ
721 2818 776 2854 τὸν
806 2819 933 2868 πρῶτον
953 2817 1063 2866 στίχον
1085 2816 1278 2858 Ὀδυσσείας
1300 2816 1399 2859 οὕτως

390 2887 420 2909 15
438 2873 559 2916 ἀξιοῦσι
573 2872 707 2924 γράφειν
724 2871 821 2918 τινὲς,

624 2969 712 3009 ἄνδρα
730 2979 778 3008 μοι
790 2969 888 2999 ἔννεπε
900 2970 1006 3000 Μοῦσα
1022 2968 1208 3008 mmmmm.

487 3045 640 3096 κρόταλον
663 3058 672 3084 :
693 3045 797 3087 Ἰδίως
815 3046 833 3081 ὁ
853 3045 1040 3094 σχιζόμενος
1064 3044 1212 3092 κάλαμος
1228 3044 1284 3081 καὶ
1303 3058 1401 3081 κατα-

438 3100 667 3148 σκευαζόμενος
681 3100 846 3144 ἐπίτηδες,
861 3099 944 3135 ὥστε
958 3099 1065 3148 ἠχειν,
1082 3098 1170 3140 εἴτις
1182 3098 1276 3134 αὐτὸν
1292 3098 1398 3143 δονοίη

404 3156 507 3218 0ταῖς
522 3155 626 3204 χερσὶ,
643 3154 789 3202 καθάπερ
808 3152 920 3203 κρότον
941 3154 1117 3189 ἀποτελῶν.
1136 3152 1249 3202 τρανὸς
1261 3146 1315 3189 ουν
1328 3151 1399 3201 ἔσῃ,

389 3198 527 3259 οφ,ησὶ
536 3223 592 3245 και
579 3208 658 3253 τὴν
667 3207 774 3259 φωνὴν
784 3206 1032 3257 διηρθρωμένος,
1041 3205 1187 3255 καθάπερ
1195 3206 1236 3243 τὰ
1245 3206 1398 3256 κρόταλα

489 3262 658 3307 παιπάλη,
682 3261 821 3311 τραχυς,
847 3260 1128 3305 δυσκατάληπτος,
1150 3260 1221 3296 ἐπεὶ
1243 3260 1399 3297 παίπαλα

439 3318 601 3363 καλουμεν
611 3315 653 3353 τὰ
666 3318 731 3352 τῶν
746 3315 873 3366 χωρίων
887 3314 1045 3352 δύσὸατα.
1064 3320 1101 3356 R,
1115 3314 1317 3364 λεπτολόγος.
1333 3324 1373 3353 E.

441 3414 446 3420 ν
489 3368 616 3419 τρίμμα
637 3382 648 3408 z
666 3367 859 3421 Ἔμπειρος.
881 3368 1037 3420 κρόταλον
1056 3380 1066 3407 :
1092 3369 1210 3410 Δάλος.
1244 3374 1319 3404 vm.
1347 3368 1400 3405 εὔ-

974 3518 1003 3533 x.

1442 495 1593 543 γλωττος.
1611 502 1648 530 R.
1668 494 1817 540 παιπάλη
1838 507 1847 532 :
1873 497 1996 539 Λεπτὸς
2019 498 2092 548 περὶ
2114 499 2152 535 τὸ
2176 499 2291 549 λέγειν.
2327 513 2404 543 νέοι.

1443 550 1587 599 ἐντριὸὴς
1608 550 1663 587 καὶ
1688 549 1846 598 ἔμπειρος.
1866 551 1979 596 λάλος,
2002 553 2174 603 ἀκουστὸς,
2196 554 2406 603 λεπτολόγος,

1442 603 1557 645 λεπτὸς
1570 605 1644 655 περὶ
1658 605 1694 641 τὸ
1707 604 1822 653 λέγειν.
1841 607 1885 642 Θ.

1493 671 1552 696 201.
1580 660 1629 709 ἔχ’
1654 660 1826 710 ἀτρέμας.
1853 660 1939 697 Μένε
1964 661 2013 711 ἐφ’
2034 662 2183 712 ἡσυχίας.
2211 663 2407 712 βαλλόμενος

1444 711 1505 762 γὰρ
1522 716 1539 750 ὁ
1552 714 1736 763 πρεσὸύτης
1748 717 1789 763 τῇ
1804 715 1989 764 παιπάλῃ’
1971 717 2166 754 αποσείεται.
2189 711 2237 754 διὸ
2256 732 2405 768 παρακε-
2423 728 2440 751 ⁶

1444 767 1571 804 λεύεται
1592 769 1688 805 αὐτὸν
1712 768 1831 817 μένειν.
1856 769 2025 819 [παιπάλη
2049 770 2083 806 δὲ
2106 786 2221 822 κυριως
2238 772 2276 809 τὸ
2290 773 2406 809 λεπτο-

1445 822 1539 874 μερὲς
1555 828 1609 861 τοῦ
1625 825 1772 875 ἀλεύρου.
1775 825 1792 875 ]Ι
1809 847 1855 853 -
1871 825 2039 875 ἀτρέμαςε
2056 826 2216 877 ‘ssed-sm.
2239 836 2316 865 vict.

1494 879 1528 915 οὐ
1544 877 1655 929 ψεύσει
1668 879 1706 927 γε’
1721 893 1761 927 με
1782 892 1790 916 :
1808 880 2085 929 Συγκατατίθεται
2100 882 2173 931 περὶ
2189 882 2317 919 πάντων
2333 885 2407 920 Σω-

1445 932 1566 981 κράτην
1584 933 1750 977 ἀληθεύειν
1770 933 1853 983 ἅπερ
1868 933 2114 982 ἐπαγγέλλεται·
2133 937 2181 971 διὸ
2203 936 2258 972 καὶ
2277 937 2316 973 τὸ
2338 937 2409 982 ἑξῆς

1445 986 1531 1022 πάνυ
1559 988 1691 1029 ἀστείως
1717 988 1842 1036 ἐπάγει.
1870 996 1909 1024 R.
1936 988 2115 1038 ἷτοιντέστιν
2143 990 2330 1034 ἀπατήσεις.
2360 991 2409 1028 ὅτι
2425 1002 2458 1027 ιο

1447 1040 1547 1088 μηδὲν
1569 1037 1614 1077 ὧν
1638 1042 1873 1091 ἐπαγγέλλεται
1897 1042 2094 1108 Σωκράτης
2092 1043 2255 1093 ψεύδεται.
2277 1046 2409 1095 πληρω-

1446 1094 1508 1136 θεις
1527 1094 1601 1145 γὰρ,
1620 1096 1718 1145 φησὶ,
1737 1096 1870 1141 τούτων,
1888 1097 1976 1145 λέγω
1994 1096 2033 1141 δὴ
2051 1099 2115 1133 τῶν
2131 1099 2323 1148 τριμμάτων
2345 1103 2409 1136 τῶν

1445 1148 1542 1184 λίθων
1562 1149 1618 1186 καὶ
1636 1153 1694 1195 τῆς
1715 1150 1876 1195 λατύπης,
1896 1152 1936 1195 ἣν
1961 1150 2083 1202 ἔφαμεν
2104 1153 2272 1197 παιπάλην
2295 1156 2408 1191 καλεῖ-

1447 1205 1520 1239 σθαι
1529 1218 1732 1253 ,γενησομαι
1752 1205 1915 1249 παιπάλη.
1990 1204 2143 1257 Αλλως]
2166 1210 2207 1255 τῇ
2221 1207 2306 1257 χιόνι
2320 1223 2409 1245 πατ-

1446 1256 1594 1305 τόμενος,
1615 1258 1670 1295 ἐὰν
1693 1261 1729 1295 αἱ
1752 1258 1897 1309 Νεφέλαι
1918 1260 1951 1295 δε
1938 1262 2098 1308 ιγθωσιν.
2119 1260 2247 1307 λέγεται
2271 1261 2303 1298 δὲ
2327 1276 2408 1298 παι-
2429 1275 2458 1299 16

1447 1311 1536 1356 πάλη
1551 1312 1588 1348 τὸ
1609 1312 1804 1350 λεπτότατον
1825 1317 1881 1350 τοῦ
1901 1313 2048 1364 ἀλεύρου·
2070 1314 2125 1364 ἀφ’
2144 1309 2182 1351 ου
2200 1314 2352 1352 παλύνειν
2372 1316 2410 1353 τὸ

1447 1365 1636 1410 λευκαίνειν,
1658 1369 1711 1414 (ὡς
1724 1366 1761 1403 τὸ
1778 1371 1826 1411 [n.
1836 1374 1879 1411 Κ,
1893 1372 1945 1411 7]
1931 1394 1940 1411 ,

1560 1438 1666 1473 πολλὰς
1675 1438 1705 1468 δὲ
1716 1439 1789 1477 χιὼν
1797 1438 1932 1468 ἐπάλυνεν
1941 1438 2086 1478 ἀρούρας.)

1448 1501 1519 1538 ἐπεὶ
1534 1497 1588 1539 οὗν
1607 1505 1725 1545 ἐκεῖνος
1743 1498 1811 1539 εἷπε
1822 1531 1831 1548 ,
1845 1503 1965 1553 γενήσῃ
1982 1503 2125 1554 τρίμμα,
2146 1505 2314 1556 κρόταλον,
2330 1522 2409 1544 παι-
2453 1532 2459 1536 -

1447 1556 1548 1602 πάλη·
1572 1557 1666 1599 αὐτὸς
1687 1557 1796 1600 ἔπαιξε
1815 1557 1906 1607 παρὰ
1928 1558 1987 1603 τὴν
2007 1559 2188 1605 παιπάλην,
2209 1560 2353 1598 τουτέστι
2372 1562 2409 1598 τὸ
2426 1574 2459 1598 20

1448 1610 1593 1662 ἄλευρον,
1617 1611 1715 1648 ειπὼν
1735 1611 2032 1660 καταπαττόμενος.
2056 1636 2104 1642 --
2127 1615 2410 1664 καταπαττόμενος

1450 1666 1513 1701 υπο
1527 1669 1583 1701 σοῦ
1599 1672 1670 1708 ταῖς
1684 1667 1825 1715 πληγαῖς
1838 1666 1892 1703 διὰ
1908 1666 1948 1702 τὰ
1963 1666 2162 1731 μαθήματα,
2181 1670 2332 1714 παιπάλη
2352 1684 2409 1718 γε-

1448 1718 1601 1767 νήσομαι.
1620 1727 1677 1756 Br-

1497 1786 1555 1810 262.
1582 1774 1892 1823 καταπαττόμενος·
1884 1804 1892 1812 .
1909 1776 2096 1826 Πληρωθεις
2111 1776 2242 1815 τούτων.
2257 1778 2409 1823 παιπάλη

1448 1828 1626 1877 γενήσομαι
1644 1841 1652 1865 :
1671 1826 1794 1877 Ἥγουν
1821 1831 2081 1880 ἀφανισθῆσομαι
2102 1831 2157 1867 καὶ
2180 1833 2223 1873 εἰς
2244 1832 2333 1869 οὐδὲν
2357 1833 2410 1869 ἔλ-
2426 1843 2459 1867 2⁶

1448 1885 1505 1919 θω.
1523 1883 1566 1919 Θ.

1497 1948 1556 1972 263.
1583 1936 1737 1985 εὖφημειν
1759 1935 1857 1985 χρὴε
1877 1936 1939 1986 [ἹῙ
1960 1938 2186 1987 συστηματικὴ
2206 1954 2288 1984 αυτη
2315 1941 2410 1988 ἀμοι-

1450 1989 1528 2026 ὅαία
1549 1992 1607 2026 τοῦ
1627 1988 1727 2037 ὕμνου
1750 1989 1885 2031 εἴσθεσίς
1907 1992 2032 2027 ἐστιν
2017 2007 2053 2028 εκ
2073 2006 2193 2048 <rt-70⁰⁹
2217 1995 2411 2030 ἀναπαιστι-

1448 2045 1513 2080 κῶν
1528 2058 1563 2080 τε
1549 2042 1751 2094 ..τραμέτρων
1766 2045 2010 2089 καταληκτικῶν
2030 2045 2073 2081 ιδ’
2080 2049 2150 2091 ,ὡν
2166 2047 2346 2089 τελευταῖος

1525 2118 1706 2149 ἐπακούσατε
1719 2118 1866 2158 δεξάμεναι
1881 2120 1994 2157 θυσίαν,
2006 2131 2057 2150 και
2067 2123 2127 2155 τοις
2135 2122 2235 2161 ῖεροισι
2247 2125 2390 2162 χαρεῖσαι.
2428 2132 2461 2156 ³0

1449 2179 1597 2215 καλεῖται
1609 2176 1643 2214 δὲ
1652 2177 1689 2214 τὸ
1702 2177 1816 2228 μέτρον
1828 2182 1921 2216 τοῦτο
1935 2179 2201 2231 Ἀριστοφάνειον,
2212 2183 2256 2223 ὥς
2269 2181 2410 2230 εἴπομεν.

1448 2231 1490 2269 τὰ
1515 2236 1650 2269 τοιαῦτα
1676 2232 1710 2269 δὲ
1736 2233 1804 2277 εἴδη
1830 2235 1978 2271 καλεῖται
2002 2234 2227 2286 ἑτερόστροφα.
2256 2236 2312 2272 ἐπὶ
2342 2240 2411 2279 ταῖς

1449 2287 1620 2324 ἀποθέσεσι
1644 2287 1867 2338 παράγραφος.
1953 2287 2089 2331 Ἄλλως.
2123 2291 2276 2341 εὐφημεῖν
2302 2291 2367 2341 χρὴ
2400 2304 2409 2329 2

1448 2343 1565 2378 Ταῦτα
1578 2341 1658 2389 πρὸς
1670 2342 1725 2378 τὸν
1739 2342 1972 2393 Στρεψιάδην]
1987 2343 2244 2393 παρακελεύεται
2258 2343 2311 2380 τὸν
2327 2359 2410 2394 πρε-

1449 2395 1571 2441 σὸύτην
1590 2401 1715 2432 σιωπᾶν
1730 2396 1786 2432 καὶ
1800 2397 1967 2445 εὐφημεῖν,
1980 2397 2033 2434 ἵνα
2049 2397 2199 2445 εὔξηται,
2214 2397 2297 2434 ὥστε
2312 2399 2410 2446 μηδὲν
2428 2413 2461 2436 ³5

1452 2450 1642 2500 βλάσφημον
1656 2451 1770 2488 εἰπεῖν.
1783 2472 1832 2478 -
1845 2452 1999 2501 εὐφημεῖν
2018 2463 2028 2488 z
2057 2454 2141 2488 Boa‘v
2158 2452 2227 2499 μετ’
2242 2453 2410 2502 εὐφημίας.

1456 2510 1533 2540 Υὶοε.

1498 2570 1558 2595 2⁶⁴.
1581 2557 1749 2608 [ἀμέτρητ’
1767 2557 1830 2608 ἀὴρ
1851 2571 1859 2596 :
1878 2558 2104 2604 Ἀκατάληπτε
2120 2558 2177 2595 καὶ
2193 2559 2408 2610 ἀναρίθμητε,

1448 2610 1594 2649 τουτέστι
1620 2611 1760 2659 μέγιστε.
1787 2626 1841 2648 τον
1864 2611 1898 2648 δὲ
1927 2614 1962 2649 ἀ.
1952 2612 2006 2664 .’ρα
2016 2611 2255 2678 προσεύχεται·
2280 2613 2350 2650 ἐπει
2378 2617 2411 2650 αἱ

1449 2664 1580 2719 νεφέλαι
1592 2664 1705 2702 τούτου
1717 2668 1776 2703 του
1789 2665 1920 2716 μέρους,
1937 2668 1981 2708 ὡς
1994 2669 2057 2703 τῶν
2069 2665 2249 2717 φιλοσόφων
2261 2667 2367 2716 λόγος,
2381 2668 2412 2705 οἳ
2428 2681 2463 2706 4ο

1449 2719 1487 2756 τὸ
1500 2725 1565 2755 πᾶν
1580 2720 1661 2769 ἀέρα
1679 2718 1848 2768 βούλονται
1865 2714 1957 2757 εἶναι·
1972 2720 2003 2757 οἳ
2016 2720 2073 2757 καὶ
2089 2719 2148 2764 τὴν
2165 2722 2232 2765 ἐνὴ
2211 2721 2291 2769 ἡμῖν
2305 2721 2411 2773 ψυχὴν

1451 2773 1531 2824 ἀέρα
1545 2773 1601 2809 καὶ
1614 2777 1743 2822 πνεῦμα
1755 2768 1988 2824 διωρίσαντο*
1958 2788 2051 2811 ειναι.
2054 2775 2068 2823 ]
2084 2796 2132 2802 —
2136 2774 2300 2865 ἐμέτρηθ
2316 2775 2409 2827 ἀὴρ;

1450 2826 1590 2878 ’.Απειρε
1614 2834 1692 2864 Vict.
1711 2827 1919 2877 ἀναρίθμητε.
1934 2828 2160 2877 βαστάζειςΛι

1500 2881 1534 2923 ὃς
1550 2881 1658 2931 ἔχειςε
1677 2880 1754 2931 [⁶04
1766 2882 1968 2932 παρείληφας
1983 2882 2043 2927 τὴν
2061 2886 2121 2931 γῆν
2136 2881 2267 2919 ἅπασαν
2284 2884 2340 2920 καὶ
2358 2887 2414 2934 βα-

1452 2935 1586 2979 στάζεις.
1588 2936 1602 2984 ]
1616 2957 1665 2964 -
1678 2934 1735 2972 καὶ
1748 2930 1839 2978 οὗτος
1852 2934 1887 2972 δὲ
1903 2936 2084 2988 φιλοσόφων
2098 2936 2191 2985 λόγος
2203 2937 2253 2973 ὅτι
2267 2939 2326 2975 οὒκ
2340 2938 2413 2988 ἐφέ-
2430 2957 2462 2982 ⁴⁵

1452 2991 1589 3040 δρασται
1598 2993 1620 3034 ἡ
1634 2993 1694 3039 γῆ,
1709 2990 1780 3027 ἀλλ’
1795 2990 1859 3027 υπὸ
1869 3005 1926 3027 του
1941 2990 2032 3041 ἀέρος
2044 2991 2199 3027 πάντοθεν
2213 2990 2414 3041 περιέχεται,

1450 3043 1505 3080 τὸν
1521 3042 1618 3092 μέσον
1635 3058 1692 3080 του
1709 3043 1829 3086 παντὸς
1849 3045 1997 3093 λαχουσα
2013 3043 2123 3081 τόπον.
2145 3051 2187 3081 R.
2207 3065 2256 3071 —
2275 3043 2349 3087 δόξα
2365 3059 2414 3086 τις

1450 3100 1515 3135 τῶν
1530 3101 1671 3148 φυσικῶν
1693 3100 1869 3148 ἐθρυλεῖτο,
1884 3098 1934 3135 ὅτι
1947 3100 2085 3136 πλατεῖα
2101 3093 2182 3134 οὖσα
2193 3100 2215 3141 ἡ
2233 3100 2275 3145 γῆ
2290 3099 2413 3148 ὀχεῖται

1451 3154 1484 3189 έν
1501 3155 1547 3202 τῷ
1561 3152 1641 3203 ἀέρι.
1657 3174 1704 3181 -
1719 3152 1876 3202 μετέωρον
1893 3166 1902 3190 :
1922 3152 2148 3202 Κρεμαμένην.
2172 3156 2249 3190 Vict.

1501 3218 1560 3243 πο.
1588 3207 1737 3256 λαμπρός
1752 3207 1781 3243 τ’
1803 3206 1898 3256 αἰθὴρ
1914 3219 1923 3243 :
1947 3207 2047 3248 Ἰδίως
2065 3207 2103 3242 τὸ
2121 3210 2178 3251 τῆς
2199 3207 2322 3257 ἡμέρας
2346 3209 2412 3259 φῶς
2429 3226 2463 3250 w

1452 3260 1547 3310 αἰθὴρ
1565 3262 1729 3305 καλεῖται,
1745 3262 1810 3297 ἀπὸ
1825 3265 1882 3297 τοῦ
1900 3260 2012 3305 αἴθειν,
2031 3260 2051 3296 ὅ
2066 3262 2135 3296 ἐστι
2148 3265 2279 3311 πυροῦν.
2299 3261 2414 3311 θερμὸς

1452 3314 1486 3350 δὲ
1505 3316 1524 3350 ὁ
1545 3313 1635 3358 ἥλιος
1657 3314 1714 3351 καὶ
1736 3314 1899 3364 διάπυρος.
1926 3314 2035 3363 διόπερ
2058 3313 2215 3363 εὐκαίρως
2236 3318 2254 3351 ὁ
2278 3314 2414 3361 ποιητὴς

1452 3371 1498 3418 τῷ
1513 3368 1648 3419 ἐπιθέτῳ
1662 3368 1841 3418 ἐχρήσατο,
1856 3367 1968 3417 αἰθέρα
1982 3367 2130 3419 λαμπρὸν
2147 3369 2256 3408 εἰπών.
