2931 4012
493 441 564 474 ⁴02

491 518 570 567 pius
585 516 730 554 Eme-nd.
749 515 820 551 vol.
837 527 869 551 2.
888 527 923 563 p.
938 513 1019 556 465.
1034 514 1173 556 κυληνᾶς
1191 509 1268 546 Ald.
1290 509 1432 551 συληνᾶς

489 575 530 609 R.
542 574 583 608 V.
597 598 637 607 .-
655 571 698 606 53
715 571 811 613 κυνῆς
825 569 993 617 Toupius.
1009 565 1209 614 Legebatur
1226 565 1317 606 κυνῆ.
1332 561 1366 598 δὲ
1376 560 1430 597 τὸν

488 624 594 669 κυνία,
615 637 635 660 2
652 629 760 674 φορεῖν
773 627 815 659 V.
826 651 836 668 ,
862 635 906 659 ex
924 634 998 671 quo
1014 621 1172 657 additum
1187 620 1241 659 ὥς.
1261 618 1356 653 Idem
1371 614 1431 660 τὴν

488 679 630 724 κυλήνην
639 706 648 723 ,
664 680 684 714 3
699 678 736 716 τὸ
750 677 903 713 πέτασον.

542 748 554 769 ι
563 739 644 777 204,
662 747 686 781 9
699 734 979 781 ταχυθανατοῦσαι
991 734 1031 767 V.
1049 728 1134 779 ταχὺ
1148 731 1322 764 θανατοῦσι
1339 728 1378 764 G.

541 788 645 833 1206,
666 800 678 822 1
688 789 707 823 3
722 786 818 824 Ἐπεὶ
834 785 867 822 δὲ
884 789 928 822 V.
942 813 981 821 ...
1003 786 1046 820 18
1058 783 1112 820 ἐπὶ
1123 782 1160 819 τὸ
1169 786 1211 819 R.

542 841 633 877 1215
644 868 654 885 ,
669 846 712 883 24
732 846 956 890 παραιτεῖται,
975 839 1057 875 vide
1068 838 1112 874 ad
1131 837 1241 873 schol.
1254 839 1335 872 Pac.
1347 835 1430 876 854.

542 897 634 931 1218
649 894 736 932 ’Ant
752 898 796 931 R.
816 895 923 935 Χάους
937 893 1018 929 Ald.
1044 893 1214 929 Scholion
1232 903 1302 927 om.
1318 892 1358 925 V.

544 960 648 993 1222,
672 960 716 993 27
737 961 794 996 sq.
818 946 1049 989 Ἀντὶ-παίζει
1064 945 1098 982 δὲ
1111 958 1181 981 om.
1201 947 1242 981 V.
1257 944 1337 981 Ald.

544 1015 634 1049 1227
652 1003 795 1054 πράξητε
812 1007 856 1040 V.
874 1003 1038 1054 πράξηται
1051 1006 1096 1039 R.

546 1064 653 1103 1240,
670 1059 714 1101 43
729 1072 808 1109 φησι
822 1071 894 1095 0111.
912 1062 957 1095 R.

545 1116 659 1158 1242,
683 1113 728 1154 48
752 1113 900 1150 fortasse
921 1112 1038 1164 γράφει
1054 1127 1063 1148 :
1080 1124 1282 1161 quanquam
1305 1111 1434 1145 incerta

491 1167 670 1203 correctio
691 1175 758 1214 est,
771 1180 881 1216 quum
900 1180 945 1203 ex
963 1166 1192 1216 sequentibus
1211 1165 1330 1201 verbis
1343 1176 1435 1200 uon-

491 1220 587 1257 nulla
598 1221 771 1259 excidisse
787 1223 1008 1259 manifestum
1021 1222 1078 1257 sit.
1089 1220 1245 1257 Dobraeo
1260 1219 1439 1266 cori-igen-

491 1273 576 1310 dum
594 1275 784 1311 videbatur
799 1278 817 1312 ὁ
837 1275 896 1325 μὲν
919 1275 1162 1325 Καλλίστρατος
1179 1273 1328 1323 γράφων,
1344 1275 1438 1307 τοῦτο

492 1327 530 1364 ἐκ
548 1329 727 1377 Λικυμνίου
740 1329 943 1380 Σοφοκλέους
953 1357 964 1375 ,
987 1330 1084 1379 φησὶν
1097 1327 1218 1371 ταύτης
1229 1329 1263 1363 αἱ
1278 1327 1436 1363 διδασκα-

492 1381 560 1418 λίαι
576 1384 613 1418 οὗ
630 1382 825 1432 μέμνηνται.
844 1387 954 1421 Recte
970 1384 1117 1420 fortasse
1135 1390 1313 1431 postrema
1332 1382 1439 1417 corri—

492 1437 568 1485 git:
587 1437 650 1472 sed
663 1438 868 1474 Callimachi
887 1450 1017 1474 nomen
1042 1436 1130 1473 nihil
1150 1448 1264 1472 causae
1283 1443 1360 1471 erat
1376 1447 1440 1471 cur

495 1498 704 1527 mutaretur.
730 1494 816 1538 Quae
839 1492 967 1528 desunt
992 1492 1041 1527 sic
1062 1491 1182 1538 explet
1204 1489 1438 1526 Schneiderns

496 1546 547 1580 De
563 1545 687 1581 scholl.
705 1549 766 1582 Ar.
790 1559 824 1593 p.
839 1548 903 1589 86,
926 1549 945 1583 ὁ
966 1545 1024 1592 μὲν
1040 1544 1252 1593 Καλλίμαχος
1267 1561 1281 1574 σι
1293 1545 1438 1593 Ἀριστο-

494 1598 596 1648 φάνης
607 1598 738 1649 γράφων
751 1599 866 1640 οὕτως·
886 1603 925 1637 Λ.
942 1601 1008 1648 β.,··
1020 1599 1120 1650 φησὶ,
1135 1598 1360 1642 «ταύτης-οὖ
1382 1597 1438 1645 μὲ-

496 1666 651 1702 μνηται.»
666 1656 781 1689 Dum.
800 1653 988 1702 Λικυμνίαις
999 1681 1008 1699 ,
1030 1660 1077 1700 49
1093 1652 1183 1689 οὐδὲν
1198 1652 1294 1700 μέμν.
1319 1654 1361 1688 V.
1375 1655 1438 1687 Se-

495 1759 721 1807 νοὸολούμενος
738 1762 839 1809 ponit
858 1764 902 1797 R.
921 1762 1079 1797 σκολικῶν
1097 1764 1141 1796 R.
1163 1763 1208 1795 V.
1226 1779 1275 1786 —
1293 1760 1338 1794 50
1356 1762 1439 1796 ὓπο-

497 1813 653 1862 μνήματα
669 1814 749 1851 ΛΙά.
764 1818 792 1851 F
792 1822 860 1851 ort.
875 1815 1131 1862 ὑπομνημάτων.
1148 1835 1192 1841 -
1209 1814 1250 1848 51
1269 1814 1440 1864 ἐπιγραφο-

497 1867 615 1916 μένοις,
638 1869 681 1905 53
703 1871 732 1905 εί
747 1869 872 1906 τοιοῦτό
887 1884 919 1906 τι
933 1868 1022 1918 λέγει
1038 1867 1328 1918 κεκεραυνωμένον.
1346 1871 1387 1904 V.
1401 1896 1440 1905 ..-

498 1923 519 1957 3
533 1921 721 1970 Λικυμνίαις
732 1921 766 1959 δὶ
784 1927 826 1960 V.
837 1924 918 1960 Ald.

552 1978 641 2018 1243
672 1977 856 2026 legebatur
877 1976 1147 2025 ἀναζητημάτων.
1168 1979 1374 2013 Correctum
1403 1979 1438 2014 in

497 2031 627 2067 Lexico
641 2032 883 2080 septemvirali
895 2045 921 2069 s.
940 2032 1142 2082 ΙΙάφλασμα,
1161 2030 1221 2066 ubi
1243 2030 1439 2081 ἐκδρασμῶν

499 2096 564 2133 pro
579 2086 778 2135 ἔκπρησμῶν
793 2088 976 2135 scriptum.

551 2145 655 2184 1247,
677 2152 719 2175 1ο
739 2139 809 2176 ἔστι
829 2139 863 2177 δὲ
876 2142 914 2177 ἔκ
929 2144 973 2177 Ν.
988 2142 1087 2190 Αἷσχ.
1103 2141 1195 2176 inl'ra
1213 2148 1294 2189 post
1306 2141 1344 2181 τὸ
1361 2142 1440 2190 ζῷον

497 2191 521 2226 1.
541 2204 583 2228 12
598 2194 700 2241 ponit
709 2197 802 2231 R...
817 2208 830 2229 1
842 2208 854 2230 1
868 2195 1093 2231 scribendum
1106 2196 1249 2231 videtur
1261 2192 1442 2244 ἕξέρριπται
1467 2233 1470 2248 Ι

498 2245 533 2282 δὲ
554 2246 636 2294 (nisi
656 2246 850 2297 ἐνίρραπται
866 2247 900 2285 δὲ
915 2249 1068 2297 scripsit)
1086 2248 1124 2284 τὸ
1142 2248 1308 2299 Ἀμφίονος
1325 2249 1362 2284 ἐκ
1373 2262 1441 2284 πα-

498 2300 626 2350 ρῳδίας.
655 2303 732 2337 Hoc
757 2303 851 2338 enim
873 2303 991 2338 dicere
1011 2303 1154 2348 debuit,
1180 2304 1346 2351 quoniam
1368 2303 1442 2338 haec

499 2355 647 2403 parodia
664 2363 754 2391 esset
769 2356 926 2404 AEschyli
940 2356 1131 2393 verborum
1142 2382 1151 2398 ,
1170 2357 1361 2405 conjecisse
1378 2358 1440 2392 Pi—

497 2410 702 2446 sthetaerum
722 2410 807 2446 illud
823 2410 956 2447 dictum
977 2419 1090 2446 totum
1109 2412 1144 2446 in
1160 2415 1298 2457 Jovem,
1317 2424 1443 2458 quam-

499 2465 552 2499 vis
576 2465 609 2500 ei
633 2476 704 2500 non
731 2465 961 2513 Amphionis,
988 2466 1050 2501 sed
1073 2467 1172 2502 Jovis
1203 2474 1293 2502 esset
1316 2466 1443 2501 domus

1217 424 1493 465 AnNoTATlo
1519 423 1569 461 IN
1596 423 1758 461 scnoL.

1485 506 1667 554 stophanis
1688 507 1807 554 nquit.
1840 518 1951 551 1127,
1975 507 2087 541 τοῦτον
2107 504 2153 550 δ’,
2173 503 2253 540 ὅταν
2269 498 2291 554 ᾖ
2309 503 2424 549 πλέως,

1485 558 1563 610 ἄρας
1581 559 1734 602 ἐπάταξα.
1751 560 1926 597 Lucianus
1943 562 2065 595 Amor.
2080 573 2111 595 c.
2130 559 2194 603 53,
2211 558 2258 594 ab
2271 558 2426 595 Dobraeo

1485 614 1676 658 indicatus,
1695 608 1752 650 εἶτ’
1777 613 1841 650 ἀπὸ
1861 615 1973 664 μηρῶν
2005 613 2325 664 προοιμιασάμενος,
2348 613 2428 649 κατὰ

1485 668 1538 704 τὀν
1551 668 1707 715 κωμικὸν,
1725 670 1803 704 αὐτὸ
1818 666 1976 709 ἐπάταξα.
1992 669 2104 704 omn.

1538 724 1643 768 1267,
1664 724 1708 765 43
1728 723 1778 760 Τὸ
1792 724 1869 771 τῇδε
1884 722 1956 758 ἀντὶ
1967 726 2021 758 τοῦ
2035 726 2077 759 V.
2096 722 2195 759 Idem
2209 722 2296 771 τῷδε
2307 722 2369 771 τῷ.
2386 743 2428 749 —

1488 784 1531 821 44
1546 779 1616 814 ἐστι
1625 778 1716 819 πόλις
1726 781 1770 814 R.
1783 778 1877 819 πόλις
1887 778 1956 814 ἀντὶ
1972 781 2027 814 τοῦ
2042 778 2082 814 δι’
2095 777 2188 828 ἀέρος
2203 780 2248 813 V.
2261 777 2428 814 Scholion

1486 832 1554 868 hoc
1564 846 1634 869 om.
1650 835 1693 870 G.

1542 888 1643 934 1269,
1665 889 1708 929 46
1729 886 1871 924 Ἀττικὸν
1886 900 1957 922 0111.
1974 890 2017 922 V.
2034 912 2078 918 --
2098 893 2140 931 47
2155 886 2430 930 ἔστι-αἰτιατικὴ

1487 941 1651 983 -εὖθείας
1678 942 1754 980 Ald.
1780 940 2232 981 ἐστὶ-αἷτιατικὶν-εὖθείας
2253 942 2301 977 G.
2326 961 2368 967 —
2393 946 2432 986 49

1489 1003 1570 1046 post
1589 994 1736 1039 νοστήσει
1754 995 1850 1032 addit
1869 997 1912 1031 V.
1929 995 2015 1043 (non
2032 996 2087 1038 G.)
2105 994 2224 1035 ἄλλως.
2249 993 2329 1030 ἀντὶ
2349 996 2404 1029 τοῦ
2419 997 2434 1029 ὁ

1489 1048 1602 1101 κήρυξ.
1620 1049 1786 1095 αἰτιατικὴ
1800 1048 1871 1086 ἀντὶ
1885 1048 2017 1090 εὐθείας.

1543 1118 1608 1150 127
1616 1106 1648 1149 3,
1664 1111 1682 1147 4
1695 1100 1774 1143 Οἶον
1789 1106 1833 1146 εἰς
1844 1119 1877 1141 σ.
1892 1130 1902 1146 ,
1923 1105 1943 1140 5
1964 1102 2112 1140 κελευταὶ
2128 1106 2175 1140 R.
2189 1106 2233 1140 V.
2250 1105 2434 1154 κοιταγγέ),κ

1489 1160 1556 1195 λειν
1573 1158 1655 1196 Ald.
1682 1179 1725 1185 --
1745 1161 1767 1195 6
1787 1156 1897 1194 ἀκούει
1920 1161 1963 1194 R.
1991 1179 2035 1185 —
2061 1171 2080 1202 7
2104 1155 2233 1207 εἴρηται
2250 1159 2335 1196 Ald.
2349 1180 2393 1188 -
2414 1162 2433 1196 8

1491 1214 1579 1263 αὐτῷ
1596 1216 1637 1249 R.

1547 1269 1650 1312 1281,
1672 1267 1713 1302 1⁰3
1731 1280 1783 1314 sq.
1800 1264 2005 1303 τοῦτο-τότε
2021 1265 2114 1302 infra
2130 1274 2215 1315 post
2229 1265 2361 1312 πένητα
2377 1281 2434 1317 po-

1491 1323 1544 1358 nit
1563 1325 1615 1367 V.,
1633 1322 1697 1367 sic,
1711 1321 1827 1363 ἄλλως.
1842 1320 1880 1358 τὸ
1896 1319 2162 1368 ἐλακωνομάνουν
2174 1314 2374 1360 εἷπε-τότε.
2392 1348 2435 1354 -

1497 1378 1537 1413 15
1556 1378 1706 1426 ῥυπῶντα
1722 1378 1764 1413 G.

1546 1432 1657 1476 1282,
1687 1432 1728 1466 16
1749 1443 1801 1478 sq.
1825 1428 2181 1480 Εἰπὼν-ἐσωκράτουν
2199 1443 2276 1467 0111.
2295 1435 2356 1476 V.,
2380 1433 2435 1480 qui

1491 1490 1627 1523 τοιοῦτοι
1641 1485 1703 1536 γὰρ
1713 1486 1768 1522 καὶ
1784 1487 1825 1522 οἱ.
1851 1507 1888 1513 -
1912 1487 1955 1521 18
1970 1486 2021 1521 sic
2036 1486 2189 1522 habetur
2206 1487 2246 1522 in
2259 1490 2322 1533 R.,
2342 1489 2372 1523 oi
2386 1502 2435 1536 φι·

1492 1541 1623 1592 λόσοφοι
1636 1540 1774 1585 ἐκόμων,
1793 1540 1949 1580 ὡσαύτως
1961 1540 2016 1577 καὶ
2028 1542 2057 1577 οῖ
2075 1541 2243 1582 Λάκωνες.

1548 1597 1650 1640 1283,
1667 1609 1707 1631 21
1726 1597 1755 1631 οἱ
1774 1608 1843 1630 0111.
1857 1598 1900 1631 V.
1911 1622 1950 1629 ...
1964 1607 2010 1630 22
2023 1607 2075 1643 sq.
2089 1595 2281 1646 Ἀφροδίτης
2295 1596 2333 1633 τὸ
2345 1591 2435 1645 ἧπα-

1494 1649 1620 1700 ρέθεντο
1650 1653 1694 1686 V.
1721 1676 1759 1684 .-
1786 1654 1830 1691 24
1859 1663 1894 1685 τε
1919 1649 2052 1685 addidit
2085 1650 2311 1687 Dindorfius.
2344 1652 2435 1688 Cous.

496 1707 642 1755 quentia
659 1707 769 1752 15-17
789 1708 823 1743 ἐν
837 1707 1090 1757 δὲ-γέγραπται
1104 1708 1139 1743 111
1154 1708 1222 1742 line
1234 1713 1316 1754 post
1329 1719 1439 1755 κεραυ-
1465 1724 1468 1761 5
1493 1705 1642 1740 Meinek.
1655 1707 1757 1740 Com.
1780 1707 1815 1744 1,
1836 1716 1871 1751 p.
1889 1704 1959 1744 848
1979 1716 2030 1752 sq.
2048 1724 2095 1732 —
2117 1704 2164 1739 25
2180 1705 2347 1741 σκυτάλια
2362 1705 2437 1742 ἑτοί-

1493 1772 1560 1805 μως
1576 1758 1656 1804 (sic)
1671 1757 1726 1798 τὰς
1743 1761 1784 1793 V.
1799 1778 1843 1784 —
1859 1759 1905 1792 26
1918 1756 1990 1798 τοὺς
2007 1756 2077 1794 on't.
2096 1761 2136 1792 V.
2158 1762 2246 1794 Post
2261 1759 2436 1809 τραχήλους

1495 1812 1643 1847 iudicavi
1656 1811 1825 1848 lacunam.
1837 1815 2041 1858 Sequuntur
2050 1812 2160 1848 verba
2173 1816 2436 1861 corruptissima

1494 1876 1607 1913 poetae
1624 1866 1754 1913 ignoti,
1773 1866 1809 1900 in
1827 1864 1956 1913 quibus
1973 1864 2092 1902 παύσει
2110 1867 2265 1903 fortasse
2281 1868 2318 1903 111
2335 1868 2437 1903 παίσει

1495 1920 1711 1955 mutandum.
1720 1920 1950 1968 «Epicharmo
1965 1920 2091 1956 lubens
2099 1920 2369 1970 adscripserim,
2378 1924 2437 1958 nisi

1494 1975 1573 2022 quis
1601 1975 1645 2010 de
1672 1974 1861 2021 Sophrona
1887 1976 2005 2022 potius
2031 1976 2186 2023 cogitet,
2222 1977 2323 2025 quod
2351 1978 2436 2026 apud

1494 2030 1606 2066 schol.
1627 2029 1803 2077 Aristoph.
1822 2029 1866 2064 ad
1889 2035 1950 2064 Av.
1971 2043 2005 2064 v.
2035 2030 2149 2074 1285,
2171 2030 2193 2075 ἢ
2217 2033 2358 2081 πλαγεὶς
2376 2033 2436 2080 (vel

1493 2083 1658 2124 παισθείς·
1677 2096 1757 2119 nam
1778 2084 1956 2130 vulgatum
1970 2084 2090 2120 παύσει
2105 2085 2241 2121 nullius
2256 2095 2309 2122 est
2327 2087 2438 2135 pretii}¹

1496 2138 1626 2187 βάκτρῳ
1645 2136 1768 2187 καλίνῳ
1786 2137 1931 2174 σκύταλα
1946 2137 2039 2187 Φρὺξ
2054 2138 2147 2188 ἀνήρ.
2171 2139 2335 2176 Σκύταλα
2351 2148 2438 2176 certo

1496 2205 1563 2240 pro
1578 2192 1717 2228 cervice
1731 2204 1803 2226 vox
1818 2192 1936 2227 Sicula
1950 2200 2037 2228 teste
2049 2194 2243 2240 Hesychiu,
2258 2207 2366 2242 quem
2379 2208 2439 2230 una

1496 2247 1596 2282 litera
1613 2254 1821 2294 corruptum
1835 2245 2049 2290 emendabis»,
2065 2246 2252 2293 Σκύταλον,
2270 2249 2439 2299 τράχηλον,

1497 2302 1638 2340 Σικελοί.
1651 2319 1665 2333 υ
1684 2306 1891 2338 Humana.
1912 2302 1956 2337 ad
1986 2303 2126 2338 Lucian.
2142 2303 2216 2338 vol.
2245 2317 2259 2339 1
2274 2331 2284 2349 ,
2311 2317 2349 2353 p.
2367 2306 2439 2341 363.

1497 2356 1590 2407 Φρὺξ
1612 2356 1693 2406 ἀνὴρ
1716 2357 1759 2392 de
1781 2357 1943 2392 ministro
1969 2355 2114 2403 publico
2143 2357 2314 2406 iutelligit
2333 2363 2438 2408 Toup.

1496 2412 1538 2447 ad
1552 2411 1693 2447 Suidam
1707 2424 1735 2447 s.
1747 2409 1840 2460 Φρὺξ
1854 2410 1946 2460 ἀνὴρ,
1961 2419 2117 2446 ceterum
2134 2411 2279 2447 dubitat
2288 2413 2440 2462 Sophro-

1498 2468 1550 2502 nis
1568 2480 1611 2502 an
1628 2467 1829 2513 Epicharmi
1848 2465 1923 2500 haec
1936 2464 2044 2501 verba
2060 2465 2141 2499 siut.
2162 2468 2191 2501 N
2197 2478 2247 2502 ou
2264 2479 2345 2503 esse
2360 2468 2439 2516 Epi-

499 2518 724 2558 nominanda,
739 2522 931 2556 Humum.
948 2523 1080 2568 Opusc.
1097 2521 1165 2555 vol.
1188 2522 1222 2565 3,
1241 2533 1275 2567 p.
1295 2520 1352 2556 53.
1374 2523 1444 2555 Le-
1497 2521 1630 2556 charmi
1655 2520 1879 2556 manifestum
1906 2526 1968 2554 est.
1991 2521 2102 2554 Dum.
2125 2545 2163 2551 -
2189 2531 2237 2564 27
2259 2522 2440 2557 κατασκύτι

499 2572 648 2619 gebatur
661 2573 812 2616 ε111111ἑξ.
830 2574 865 2610 δέ
877 2574 905 2610 τ’
920 2574 1016 2624 Ἀμφ.
1032 2575 1069 2610 ἐκ
1082 2574 1253 2624 μονῳδίας.
1267 2577 1374 2610 Recte
1386 2586 1443 2609 au-

502 2634 570 2661 tem
583 2629 805 2663 Hermannus
818 2627 1023 2678 ἐνέρραπται,
1038 2629 1105 2665 nisi
1117 2628 1360 2679 προσέρραπται
1374 2640 1445 2664 ma-

500 2680 559 2725 lis,
585 2681 682 2728 quod
709 2682 839 2729 legitur
861 2684 953 2718 infra
978 2684 1014 2718 in
1037 2684 1174 2719 scholio
1201 2683 1244 2719 ad
1268 2696 1302 2718 v.
1333 2683 1443 2729 1377;

500 2733 732 2783 προσέρριπται
747 2735 792 2770 ad
806 2747 839 2771 ν.
858 2738 941 2783 696.
959 2739 1072 2772 Duru.

555 2788 646 2823 1250
656 2815 667 2833 ,
702 2790 743 2824 13
772 2790 946 2839 παρδάλων
975 2791 1056 2827 Ald.
1090 2812 1135 2821 —
1168 2793 1210 2827 16
1243 2791 1314 2827 ἀντὶ
1343 2794 1399 2827 τοῦ
1427 2793 1444 2826 ὁ

501 2841 594 2890 γίγας
606 2844 651 2877 R.

555 2908 568 2931 1
578 2895 661 2939 256,
680 2908 727 2943 19.
738 2895 958 2944 ἑμὸάλλεσθαι
974 2898 1101 2934 Suidas
1114 2912 1140 2935 s.
1155 2898 1373 2949 Τριέμὸολον.
1397 2919 1445 2926 —-

505 2962 549 2985 22
565 2957 647 2999 post
664 2944 719 2985 οῧν
736 2951 867 2997 aliquid
880 2952 1052 2988 excidisse
1073 2953 1227 2997 videtur,
1243 2966 1315 3000 quo
1331 2952 1445 3001 τριέμ-

503 3004 596 3041 ὅολον
608 3006 859 3054 explicaretur.
874 3007 986 3041 Dum.
996 3006 1188 3055 τριέμὸολον
1198 3002 1254 3044 οὖν
1264 3007 1445 3058 ἐπίφθεγμα

1498 2575 1585 2624 op„
1606 2586 1651 2619 29
1669 2574 1712 2613 εἰς
1734 2572 1877 2620 πόλεμον
1896 2576 1938 2608 V.
1951 2592 1999 2599 —
2013 2573 2056 2614 34
2070 2585 2121 2620 sq.
2137 2572 2220 2608 Ald.
2234 2575 2280 2614 εἰς
2299 2575 2378 2611 αὐτὸ
2393 2575 2440 2610 καὶ

1498 2629 1713 2670 ἀνελίττοντες
1739 2634 1896 2678 παρεῖχον
1921 2628 1976 2664 τὸν
2005 2628 2128 2676 ἱμάντα
2160 2631 2209 2678 τῷ
2241 2632 2263 2666 ἀ
2342 2631 2352 2645 ’

1497 2687 1590 2720 τοῦτο
1602 2683 1636 2719 δὲ
1650 2683 1789 2727 ἐποίουν,
1802 2681 1855 2718 ἵνα
1868 2681 1914 2731 μὴ
1928 2683 2133 2730 μανθάνωσιν
2146 2684 2176 2719 οῖ
2185 2684 2442 2735 ἀποφέροντεςτὸ

1499 2737 1698 2785 δηλούμενον
1712 2738 1744 2772 ἐν
1762 2738 1859 2786 αὐτῷ.
1875 2739 1893 2772 ὁ
1910 2735 1943 2772 δὲ
1958 2737 2136 2787 στρατηγὸς
2147 2738 2262 2775 λαὸὼν
2277 2739 2379 2785 αὐτὸ,
2393 2740 2441 2777 καὶ

1497 2791 1675 2842 περιελίξας
1698 2794 1739 2841 τῇ
1762 2791 1841 2840 παρ’
1859 2793 1947 2840 αὐτῷ
1964 2791 2073 2840 ράὅδῳ
2086 2792 2300 2839 ἀνεγίνωσκε.
2322 2794 2444 2843 λέγεται

1497 2841 1552 2882 οὖν
1568 2846 1621 2882 καὶ
1637 2849 1658 2890 ἢ
1678 2844 1831 2889 ἐπιστολὴ
1848 2845 1902 2881 καὶ
1921 2845 1998 2881 αὐτὸ
2012 2845 2050 2881 τὸ
2061 2844 2166 2887 ξύλον.
2185 2847 2402 2898 Διοσκορίὸης
2418 2848 2443 2884 δ’

1499 2902 1531 2937 ἐν
1552 2905 1618 2941 τοῖς
1642 2900 1716 2949 περὶ
1738 2900 1902 2948 νομίμων,
1930 2898 2005 2939 τοὺς
2024 2899 2228 2941 δανείζοντας
2251 2902 2288 2936 ἐν
2311 2903 2443 2952 Σπάρτῃ

1499 2956 1629 3005 διαιρεῖν
1646 2954 1809 2998 σκυτάλην
1825 2953 1881 2989 δύο
1897 2952 2066 3003 παρόντων
2085 2952 2278 3002 μαρτύρων,
2300 2956 2358 2992 καὶ
2371 2956 2442 3006 γρά-

1499 3023 1567 3059 φειν
1588 3009 1625 3045 τὸ
1642 3008 1841 3056 συμὸόλαιον
1857 3009 1890 3044 ἐν
1908 3006 2052 3057 ἑκατέρῳ
2067 3008 2238 3054 τμήματι,
2257 3009 2318 3045 καὶ
2335 3010 2374 3046 τὸ
2391 3010 2444 3059 μὲν

500 3059 619 3108 τάχους
644 3059 781 3096 suidas.
804 3073 854 3109 τρ.
878 3053 933 3095 οὗν
956 3059 1027 3095 ἀντὶ
1049 3064 1106 3096 τοῦ
1125 3061 1206 3108 (ἀντὶ
1231 3065 1288 3097 τοῦ
1305 3074 1375 3097 om.
1389 3063 1444 3111 G.)
1499 3063 1546 3099 ἑνὶ
1576 3065 1641 3099 τῶν
1666 3063 1836 3112 μαρτύρων
1856 3062 1995 3105 διδόναι,
2020 3062 2057 3097 τὸ
2076 3062 2110 3097 δὲ
2139 3062 2180 3097 δι’
2210 3064 2333 3100 ἑαυτοῦ
2355 3064 2446 3114 ἔχειν.

502 3115 553 3149 ἐπ.
569 3117 610 3150 V.
630 3115 835 3150 Proximum
849 3112 943 3164 εὐρὰξ
959 3113 1066 3156 πατάξ
1081 3115 1181 3152 dicit.

1499 3118 1642 3166 ἐχρῶντο
1657 3118 1683 3152 δ’
1704 3119 1791 3168 αὐτῷ
1806 3117 1860 3153 καὶ
1881 3117 2033 3161 ἀλλοίως,
2053 3118 2095 3156 ὡς
2109 3116 2343 3166 Ἀριστοτέλης
2360 3121 2394 3156 ἰν
2409 3122 2447 3169 τῇ

554 3168 664 3212 1258,
686 3169 730 3204 25
747 3168 856 3219 ἐπίφθ.
880 3169 1000 3216 τάχους
1021 3167 1091 3204 ἀντὶ
1108 3171 1165 3204 τοῦ
1185 3170 1249 3219 εὗρ.
1263 3173 1307 3206 R.
1330 3190 1376 3198 —
1399 3171 1444 3205 26
1500 3171 1691 3216 Ἰθακησίων
1709 3171 1855 3221 πολιτείᾳ
1870 3171 1936 3218 μθ.
1963 3174 2051 3215 Quae
2070 3172 2293 3220 interpolata
2309 3182 2393 3210 sunt
2408 3187 2447 3212 ex

502 3222 570 3272 εὗρ.
591 3222 840 3270 συμμιγήσομαι
852 3222 931 3259 Ald.
944 3223 1147 3271 χαμαίτυποι
1161 3226 1222 3269 R„
1235 3225 1297 3272 qui
1314 3225 1348 3259 αἱ
1362 3222 1445 3273 πόρ-
1500 3225 1607 3261 Suida
1623 3238 1649 3260 s.
1669 3225 1820 3267 Σκυτάλη
1830 3252 1839 3267 ,
1854 3226 1914 3272 qui
1931 3225 2005 3260 haec
2021 3237 2090 3259 non
2106 3237 2152 3260 ex
2163 3226 2381 3273 scholiasta,
2393 3230 2449 3265 sed

505 3290 555 3312 ocu
567 3288 636 3313 0111.
647 3298 697 3307 -
715 3290 757 3322 27
777 3277 869 3313 idem
884 3276 990 3313 habet
1004 3276 1095 3326 παρὰ
1109 3277 1287 3327 Μενάνδρῳ
1304 3280 1346 3313 R.
1367 3277 1447 3340 ἄρας
1470 3294 1475 3347 Ι
1500 3292 1544 3314 ex
1559 3280 1672 3315 Photii
1688 3280 1819 3316 Iaexico
1832 3280 2027 3327 descripsit.
2043 3282 2153 3314 Dum.
2171 3280 2230 3316 καὶ
2245 3283 2267 3316 ὁ
2288 3285 2450 3332 στρ.Ῡ-.

503 3331 693 3366 Bentleius.
731 3331 934 3379 Legebatur
971 3331 1060 3382 ἄρης.
1098 3334 1263 3368 Ceterum
1292 3331 1446 3368 dubitari

506 3392 620 3433 potest
634 3396 679 3420 an
697 3385 771 3420 haec
789 3398 858 3421 non
877 3386 1063 3422 Menandri
1079 3386 1186 3423 verba
1203 3387 1285 3432 sint,
1297 3387 1357 3423 sed
1374 3388 1449 3423 Ari·

1501 3333 1618 3431 363⁹
1634 3346 1702 3369 0111.
1713 3335 1755 3369 G.
1772 3333 1879 3369 Πάλιν
1896 3342 1930 3369 et
1945 3333 2001 3369 καὶ
2015 3345 2083 3369 0111.
2102 3337 2159 3379 V.,
2177 3335 2240 3382 qui
2261 3335 2309 3380 37
2325 3337 2364 3372 τὸ
2377 3350 2451 3374 σιω-

1500 3401 1543 3423 τα
1603 3390 1644 3421 V.
