2931 4012
496 468 512 502 1
521 469 565 500 38

644 543 704 573 ἐστι
718 542 749 572 δέ
761 552 803 577 τις
816 541 914 577 θήλεια
924 539 1072 574 Φιλόξενος
1084 537 1117 567 ἐκ
1130 533 1282 574 Διομείων.

492 603 549 641 καὶ
562 602 728 654 Φρύνιχος
742 600 925 651 Σατύροις.)

540 670 585 696 aa.
616 657 676 705 (μὰ
697 656 751 693 τὸν
770 655 836 693 κύν’
854 649 881 692 ὦ
899 653 1099 704 Νικόστρατε
1122 664 1131 688 :
1148 649 1263 691 Οὕτως
1284 648 1338 684 διὰ
1355 649 1456 684 δεισι-

493 711 661 762 δαιμονίαν
674 711 813 760 ὤμνυον.
829 709 852 754 ἢ
863 709 951 758 τάχα
967 709 1115 756 μιμεῖται
1126 704 1199 746 τοὺς
1213 702 1402 756 φιλοσόφους
1412 703 1457 743 εἷς

458 790 475 816 5
491 766 572 805 κύνα
587 767 643 804 καὶ
659 770 745 816 χ’ῆνα
759 764 957 813 ὀμνύοντας.)
1392 811 1408 822 ..

540 835 585 860 86.
615 821 733 868 (ἄλλως
753 819 922 871 φλυαρεῖτε
938 830 948 855 :
965 816 1050 854 Ἀντὶ
1068 819 1124 853 τοῦ
1149 814 1255 863 μάτην
1273 814 1455 863 φλυαρειτε.

492 875 618 925 εἴρηται
630 874 663 912 δὲ
675 874 741 911 ἀπὸ
753 878 936 923 μεταφορᾶς
945 874 1010 909 τῶν
1021 870 1180 915 λεὸήτων.
1191 868 1257 905 ἀπὸ
1268 870 1323 904 τοῦ
1336 865 1457 917 φλύειν,

491 928 512 966 8
523 931 592 966 ἐστι
608 929 798 978 καχλάζειν,
811 928 867 965 καὶ
882 928 919 963 ἐκ
931 925 1046 963 τούτου
1060 924 1115 961 τὸν
1129 923 1229 975 ἀφρὸν
1244 921 1454 959 ἀποὸάλλειν.

492 982 549 1020 καὶ
559 982 710 1032 ιὌμηρος
723 988 771 1027 [u.
789 991 835 1027 Φ,
853 986 913 1027 381]
933 999 948 1013 «ι
964 980 1026 1017 ἀνὰ
1039 980 1066 1016 δ’
1082 978 1178 1030 ἔφλυε
1190 977 1276 1014 καλὰ
1290 975 1414 1027 ῥέεθρα.
1429 976 1454 1022 ιι)

442 1065 477 1092 ιο
548 1051 592 1076 88.
619 1037 834 1088 φιληλιαστής
849 1049 858 1074 z
877 1036 962 1074 Ἀντὶ
979 1038 1035 1072 τοῦ
1053 1034 1233 1085 φιλόδικος,
1252 1031 1316 1069 ἀπὸ
1329 1035 1384 1068 τοῦ
1399 1045 1456 1079 με·

490 1091 601 1141 γίστου
616 1090 826 1142 δικαστηρίου
846 1094 904 1136 τ’ἤς
918 1088 1086 1134 Ἥλιαίας,
1107 1088 1186 1138 ὅπερ
1205 1086 1290 1124 οὕτω
1310 1087 1457 1123 καλεῖται

491 1146 545 1184 διὰ
558 1146 595 1184 τὸ
609 1149 642 1183 ἐν
656 1145 815 1196 ὑπαιθρίῳ
833 1140 915 1182 εἶναι
929 1144 984 1181 καὶ
999 1143 1082 1194 ἡλίῳ
1100 1143 1290 1192 βάλλεσθαι.
1324 1165 1347 1170 -
1366 1141 1456 1191 φιλο·

491 1201 656 1246 δικαστής.
671 1196 755 1246 ἦσαν
778 1199 811 1237 δὲ
825 1198 980 1244 ἡλιασταὶ
992 1198 1047 1234 τὸν
1063 1196 1198 1248 ἀριθμὸν
1212 1196 1259 1247 φ’.
1280 1195 1402 1233 ἐδίδοτο
1424 1194 1458 1231 δὲ

492 1256 600 1298 αὐτοῖς
612 1255 728 1306 χρόνον
751 1254 810 1304 μέν
833 1270 904 1292 τινα
922 1253 978 1290 δύο
996 1251 1127 1300 ὀὸολοὶ,
1140 1251 1271 1301 ὕστερον
1292 1250 1326 1287 δὲ
1343 1249 1458 1288 Κλέων

444 1336 475 1361 1⁵
492 1309 720 1361 στρατηγήσας
737 1309 913 1360 τριώὸολον
926 1307 1058 1353 ἐποίησε
1076 1305 1274 1355 ἀκμάζοντος
1285 1308 1343 1342 τοῦ
1359 1302 1457 1341 πολέ-

493 1378 556 1412 μου
571 1368 628 1401 τοῦ
643 1363 722 1413 πρὸς
741 1362 1026 1411 Λακεδαιμονίους.
1046 1369 1083 1398 11.

541 1431 585 1455 00.
611 1417 651 1462 ἢν
667 1417 713 1465 μὴ
737 1417 785 1453 ’πὶ
799 1422 855 1454 τοῦ
872 1415 1002 1467 πρώτου
1022 1429 1030 1453 :
1052 1415 1159 1452 Ξύλον
1177 1414 1195 1451 ὃ
1209 1415 1302 1462 ἡμεῖς
1327 1413 1456 1464 βάθρον.

493 1470 549 1508 καὶ
575 1473 608 1509 ἐν
631 1472 839 1522 Ἀχαρνεῦσιν
863 1472 924 1520 [25]
946 1488 959 1504 ιι
987 1469 1140 1518 (ἐλθόντες
1167 1468 1354 1517 ἀλλήλοισι)
1385 1467 1459 1518 περὶ

492 1526 620 1577 πρώτου
636 1525 741 1568 ξύλου.
759 1542 773 1557 υ

443 1606 477 1630 20
541 1593 585 1618 91.
615 1581 702 1629 (οὐδὲ
719 1578 898 1623 πασπάλην
918 1591 927 1616 :
956 1579 1041 1615 Ἀντὶ
1062 1582 1119 1615 τοῦ
1140 1577 1213 1615 οὐδὲ
1240 1576 1356 1627 βραχύ.
1381 1576 1460 1626 πρὸς

486 1635 686 1686 Λυκόφρονα
710 1634 760 1679 δὲ,
782 1633 831 1670 ὅτι
852 1633 1039 1683 ἀδιορίστως
1062 1632 1264 1670 ἀποδέδωκεν
1288 1630 1459 1681 ἐλάχιστόν

492 1704 534 1725 τι.
543 1688 624 1730 τινὲς
634 1688 670 1725 δέ
678 1702 774 1739 φασιν
784 1687 833 1725 ὅτι
844 1687 1003 1737 μαγνίτην
1016 1686 1152 1737 κέγχρον
1163 1685 1342 1730 πασπάλην
1354 1685 1459 1735 φασί.)

493 1764 542 1771 —-
555 1742 592 1779 τὸ
609 1745 665 1787 τῆς
681 1742 823 1792 κέγχροις
836 1742 984 1793 ἄλευρον.
997 1741 1123 1779 τιθέασι
1139 1739 1174 1777 δὲ
1190 1740 1247 1777 καὶ
1262 1740 1314 1776 ἐπὶ
1330 1743 1387 1776 τοῦ
1401 1754 1460 1776 τυ-

492 1796 615 1846 χόντος.
633 1803 669 1832 R.

444 1876 476 1900 25
543 1864 585 1888 ⁰2.
614 1849 689 1900 (κᾶν
720 1850 822 1900 ἄχνην
848 1849 923 1888 :Tb
945 1847 1141 1900 λεπτομερὲς
1159 1853 1215 1886 τοῦ
1236 1847 1386 1899 στάχυος.
1405 1848 1461 1885 καὶ

492 1905 643 1956 “Op-⁷190<
659 1910 708 1950 [ΙΙ.
724 1913 768 1951 Ε,
787 1910 849 1951 400]

607 1982 646 2016 ὡς
659 1980 686 2012 δ’
700 1981 803 2021 ἄνεμος
817 1980 906 2020 ἄχνας
917 1981 1009 2020 φορέει
1024 1980 1101 2020 ἱερὰς
1111 1979 1176 2010 κατ’
1189 1979 1306 2018 ἀλωάς.)

542 2063 585 2088 aa.
606 2050 691 2102 (περὶ
701 2049 760 2095 τὴν
772 2049 954 2101 κλεψύδραν
972 2063 981 2088 :
1000 2049 1084 2087 Ἆντὶ
1098 2053 1156 2086 τοῦ
1171 2049 1246 2100 περὶ
1256 2049 1294 2086 τὸ
1308 2049 1461 2094 δικαστή-

495 2119 572 2154 ριον.
601 2104 765 2156 κλεψύδρα
789 2104 852 2155 γὰρ
880 2105 1008 2154 ἀγγεῖον
1030 2103 1236 2154 τετρημένον,
1269 2106 1301 2140 ἐν
1326 2099 1354 2155 ᾧ
1376 2104 1461 2156 ὕδωρ

445 2181 478 2205 ³0
493 2159 630 2196 ἔὸαλλον
642 2159 699 2197 καὶ
711 2159 784 2196 εἴων
795 2162 859 2210 ῥεῖν
873 2159 950 2209 ἄχρι
959 2159 1043 2201 τινὸς
1051 2161 1149 2204 ὀπῆς,
1163 2158 1220 2195 καὶ
1231 2158 1331 2200 οὕτως
1343 2158 1460 2196 ἔπαυον

492 2213 548 2250 τὸν
567 2213 698 2264 ῥήτορα.
723 2217 817 2250 τοῦτο
831 2214 865 2249 δὲ
883 2213 1011 2250 ἐποίουν
1028 2211 1080 2249 διὰ
1102 2211 1140 2249 τὸ
1160 2213 1311 2263 φλυαρεῖν
1329 2212 1383 2249 τὸν
1406 2213 1459 2250 λε’-

492 2281 591 2316 γοντα
616 2267 672 2304 καὶ
694 2267 875 2312 ἐμποδίζειν
902 2267 1011 2308 ἄλλοις
1042 2265 1169 2303 θέλουσι
1191 2266 1306 2315 λέγειν,
1333 2266 1386 2303 ἵνα
1419 2266 1461 2304 τὰ

494 2322 655 2358 σπουδαῖα
671 2320 765 2363 λέξας
782 2320 916 2370 ἐξέλθῃ.)

543 2389 586 2413 ⁰⁵.
612 2375 697 2425 (τοὺς
710 2376 795 2426 τρεῖς
814 2374 954 2424 ξυνέχων
968 2387 977 2412 :
993 2374 1128 2415 Τούτοις
1138 2373 1202 2424 γὰρ
1217 2373 1390 2424 κατέχουσι
1403 2374 1461 2417 τὰς

446 2450 479 2475 85
495 2430 620 2481 ψήφους
633 2432 662 2467 οἳ
680 2429 848 2475 δικασταὶ,
863 2431 911 2479 τῷ
928 2427 1061 2479 μεγάλῳ
1079 2427 1135 2465 καὶ
1150 2429 1197 2478 τῷ
1208 2429 1333 2479 λιχανῷ
1344 2428 1400 2465 καὶ
1414 2430 1460 2480 τῷ

496 2485 610 2536 μέσῳ)
972 2526 976 2530 ,

544 2553 587 2576 νο.
614 2539 784 2590 (νουμηνίᾳ
804 2552 813 2577 t
833 2537 929 2576 Κατὰ
946 2537 1121 2586 νουμηνίαν
1142 2537 1206 2588 γὰρ
1225 2536 1294 2580 ἔθος
1309 2532 1395 2588 εἶχον
1411 2539 1462 2575 λι-

498 2592 659 2634 ὅανωτοὺς
675 2593 829 2630 ἐντιθέναι
843 2597 908 2634 τοῖς
926 2592 1118 2641 ἀγάλμασι.)

548 2647 615 2694 (98).
633 2646 688 2683 τὸν
701 2646 938 2697 Πυριλάμπους
952 2659 961 2684 :
974 2645 1151 2693 Μέμνηται
1162 2645 1275 2683 τούτου
1286 2646 1342 2683 καὶ
1359 2646 1462 2685 Εὔπο-

450 2719 483 2744 ⁴0
496 2701 544 2742 λις
558 2702 591 2736 ἐν
609 2700 749 2738 Πόλεσιν
767 2718 783 2733 ι
801 2700 858 2738 καὶ
874 2703 921 2750 τῷ
939 2700 1175 2751 Πυριλάμπους
1197 2695 1261 2750 ἆρα
1284 2700 1388 2751 Δήμῳ
1404 2716 1462 2738 κυ-

497 2754 579 2805 ψέλη
615 2754 621 2803 Ι
660 2754 793 2792 ἔνεστιν.
818 2775 823 2785 ·
841 2750 881 2799 ἦν
903 2753 937 2791 δὲ
962 2753 1019 2790 καὶ
1042 2753 1199 2805 εὔμορφος
1215 2756 1233 2789 ὁ
1248 2757 1368 2802 Δῆμος.
1387 2757 1462 2792 ἐπέ-

497 2821 618 2858 γραφον
633 2809 667 2844 δὲ
683 2810 713 2845 οἱ
729 2809 887 2852 Ἀθηναῖοι
901 2807 943 2844 τὰ
956 2810 1022 2844 τῶν
1035 2809 1144 2844 καλῶν
1159 2807 1304 2855 ὀνόματα
1321 2807 1430 2851 οὕτως·
1444 2812 1461 2846 ὁ

499 2862 585 2898 δεῖνα
600 2861 707 2903 καλός.
727 2862 880 2912 [ἔγραφον
895 2861 930 2898 δὲ
950 2861 1006 2898 καὶ
1026 2864 1060 2898 ἐν
1073 2862 1193 2911 τοίχοις
1211 2861 1267 2897 καὶ
1282 2863 1315 2898 ἐν
1335 2861 1460 2912 θύραις,

498 2914 555 2952 καὶ
571 2913 651 2951 ὅπου
668 2914 782 2964 τύχῃ.]
795 2916 850 2952 καὶ
865 2911 971 2961 οὗτος,
986 2916 1096 2966 φησὶν,
1111 2919 1154 2957 ὡς
1168 2914 1327 2965 ἐρωμένου
1346 2918 1461 2953 ἑαυτοῦ

453 2995 484 3021 ⁴5
499 2973 555 3006 τοῦ
571 2972 678 3018 κημοῦ
696 2969 831 3021 ἔγραφε,
846 2970 950 3018 κημὸς
963 2969 1070 3011 καλός.

547 3036 591 3061 09.
619 3023 733 3071 (κημὸς
743 3024 859 3065 καλόςε
878 3023 994 3072 Κημὸς
1007 3024 1152 3060 καλεῖται
1169 3022 1205 3059 τὸ
1218 3026 1285 3064 τοῖς
1299 3023 1462 3066 καδίσκοις

500 3076 728 3126 ἐπιτιθέμενον,
744 3078 782 3114 δι’
805 3074 842 3114 οὗ
856 3079 913 3120 τὰς
929 3077 1053 3129 ψήφους
1077 3076 1241 3122 καθίεσαν,
1265 3076 1318 3114 ἴνα
1337 3077 1383 3126 μὴ
1400 3080 1463 3115 ὀλι·

500 3131 670 3170 σθάνωσιν.
691 3131 760 3169 ἔστι
773 3131 807 3169 δὲ
825 3131 958 3182 πλέγμα
980 3147 1012 3169 τι
1034 3132 1204 3172 δικτυῶδες
1225 3132 1281 3168 καὶ
1297 3133 1460 3182 ἠθμῶδες,

502 3186 621 3223 ἄνωθεν
632 3185 740 3223 πλατὺ
748 3215 757 3232 ,
770 3186 913 3223 κάτωθεν
928 3185 1063 3236 στενόν.)
1079 3205 1119 3212 -
1131 3184 1234 3233 κημός
1246 3187 1317 3223 ἐστι
1329 3186 1461 3236 πλέγμα

501 3255 550 3286 τι,
559 3239 599 3276 δι’
612 3234 650 3275 οὗ
658 3239 719 3285 τὴν
727 3241 915 3286 δικαστικὴν
929 3243 1033 3292 ψῆφον
1049 3240 1213 3277 καθίεσαν.
1226 3240 1463 3290 Πυριλάμπους

504 3293 539 3332 δὲ
553 3293 617 3335 υἱὸς
634 3289 673 3338 ἦν
689 3297 801 3344 Δῆμος
813 3296 932 3345 ὄνομα,
949 3295 1008 3340 τὴν
1026 3294 1113 3346 ὤραν
1134 3294 1316 3336 κάλλιστος.
1341 3294 1408 3337 ἔθος
1428 3296 1461 3332 δὲ

504 3344 544 3395 ἦν
560 3348 626 3390 τοῖς
640 3349 790 3399 ἐρασταῖς
803 3351 989 3401 ἐπιγράφειν
1001 3353 1169 3399 πανταχοῦ
1180 3348 1217 3385 τὸ
1228 3351 1293 3385 τῶν
1304 3350 1463 3387 παιδικῶν

505 3403 655 3451 ὅνομαᾸὶ.

1479 539 1486 968 ι

1195 450 1437 490 SCHOLIA
1464 449 1520 487 IN
1551 449 1767 487 VESPAS.

1563 545 1619 569 101.
1647 531 1710 581 (ὄψ’
1729 531 1888 582 ἐξήγειρεν
1906 545 1915 570 :
1936 532 1994 570 Ἐν
2012 533 2174 584 ὑπερὸολῇ
2188 538 2293 573 τοῦτο.
2314 536 2475 587 ἐμέμφετο

1511 585 1574 637 γὰρ
1587 588 1635 636 τῷ
1652 586 1819 637 ἀλέκτορι,
1834 586 1929 637 φησὶ,
1952 588 2006 624 καὶ
2025 591 2128 625 ταῦτα
2151 589 2289 640 ἑσπέρας
2311 591 2475 641 κράζοντι,
2533 593 2536 596 ’

1510 643 1554 682 ὡς
1571 640 1713 691 βραδέως
1730 641 1824 677 αὐτὸν
1838 641 1975 692 ἐγείρει.)

1562 707 1620 732 ιω.
1647 693 1831 732 ὑπευθύνων
1849 708 1859 733 z
1879 698 1956 734 Τῶν
1970 696 2199 745 δικαζομένων.
2224 706 2302 737 Vict.

1561 762 1618 787 10³.
1647 748 1726 798 (ἀπὸ
1751 750 1933 800 δορπηστοῦ
1955 762 1964 787 :
1984 749 2161 800 Λυκόφρων
2185 752 2249 789 ἀπὸ
2276 753 2418 803 ἀρίστου.
2447 757 2475 792 οἱ
2493 769 2508 791 s,

1511 803 1544 841 δὲ
1560 803 1653 841 ἄλλοι
1670 803 1790 845 πάντες
1811 803 1915 854 δόρπα
1935 803 1978 840 τὰ
1993 805 2121 843 δεῖπνα.
2136 827 2185 834 -
2199 806 2264 843 ἀπὸ
2283 807 2424 846 δείπνου.
2436 817 2473 845 V.

1560 856 1706 906 ἐμὸάδας
1728 870 1738 896 t
1759 852 1854 900 Εἶδος
1873 857 2090 906 ὑποδήματος.
2115 858 2169 896 διὰ
2190 860 2227 896 τὸ
2249 862 2475 911 φιλοδικαστ-ὴς

1511 906 1592 948 εἶναι
1612 912 1648 948 οὗ
1666 911 1831 958 καθεύδει,
1850 911 1958 963 φησὶν,
1981 914 2015 949 ἐν
2033 914 2081 962 τῷ
2109 912 2187 963 οἴκῳ
2211 915 2308 951 αὐτοῦ
2333 916 2416 963 μετὰ
2440 917 2476 953 τὸ

1512 967 1697 1010 δειπνῆσαι,
1717 967 1790 1003 ἀλλ’
1807 965 1897 1008 εὐθὺς
1913 966 2055 1007 ἀναστὰς
2075 966 2140 1003 ἀπὸ
2156 970 2213 1012 τῆς
2230 970 2405 1018 τραπέζης,
2420 972 2476 1007 καὶ

1511 1020 1651 1065 ζητήσας
1670 1018 1728 1062 τὰς
1748 1020 1911 1069 ἐμὸάδας,
1937 1020 1994 1057 καὶ
2017 1021 2275 1069 ὑποδησάμενος,
2300 1023 2477 1074 ἀπέρχεται
2499 1043 2528 1066 ιο

1511 1075 1544 1110 ἐν
1561 1076 1609 1124 τῷ
1627 1074 1825 1126 δικαστηρίῳ
1838 1073 1895 1111 καὶ
1911 1073 2084 1121 καθεύδει.)

1564 1140 1621 1166 101.
1648 1129 1683 1165 ἐν
1696 1130 1743 1179 τῷ
1761 1127 1968 1179 δικαστηρίῳ.
1992 1136 2031 1165 V.
2060 1127 2158 1179 (πρωῒ
2181 1130 2267 1166 πάνυ
2287 1144 2296 1169 z
2321 1131 2404 1169 Ἀντὶ
2420 1137 2475 1170 τοῦ

1511 1182 1575 1233 πρὸ
1591 1186 1647 1219 τοῦ
1668 1182 1791 1225 δέοντος
1808 1187 1921 1234 καιροῦ
1938 1184 2042 1219 ἀπιὼν
2065 1184 2278 1228 ἀπονυστάζει
2296 1187 2478 1224 ἐπιπίπτων

1511 1238 1558 1287 τῷ
1575 1236 1669 1274 κίονι.
1683 1236 1785 1279 λεπὰς
1802 1236 1835 1273 δὲ
1855 1235 2027 1286 κογχύλιόν
2044 1252 2076 1273 τι
2093 1239 2162 1280 ταῖς
2178 1239 2308 1289 πέτραις
2329 1256 2478 1292 προσπη·

1512 1291 1692 1340 γνύμενον.)

1565 1358 1621 1383 106.
1648 1348 1752 1394 τιμῶν
1766 1345 1824 1390 τὴν
1841 1345 1972 1396 μακράν
1990 1357 1999 1383 :
2014 1346 2225 1397 (Προείρηται
2240 1349 2321 1399 ὑπὲρ
2336 1354 2391 1386 τοῦ
2409 1351 2481 1393 τοὺς

1513 1399 1666 1442 δικαστὰς
1683 1401 1716 1436 ἐν
1728 1399 1883 1451 πινακίῳ,
1900 1399 1972 1443 ἤτοι
1990 1399 2044 1437 ἐπὶ
2055 1400 2182 1442 σανίδος
2198 1405 2287 1453 κηρῷ
2297 1404 2481 1452 ἀληλιμμέ-

1513 1469 1584 1499 νης,
1602 1453 1698 1490 ὁπότε
1715 1453 2000 1503 καταλαμὸάνοιέν
2013 1469 2085 1491 τινα
2098 1458 2144 1504 τῷ
2160 1457 2363 1505 τολμήματι,
2376 1458 2480 1495 ἕλκειν

1515 1507 1643 1558 μακρὰν
1667 1508 1836 1558 γραμμὴν,
1859 1508 1956 1545 ὁπότε
1979 1508 2014 1545 δὲ
2032 1509 2215 1555 ἀπολύοιεν,
2237 1515 2405 1561 βραχεῖαν.
2425 1514 2481 1550 καὶ

1515 1561 1584 1605 ἑξῆς
1601 1562 1677 1610 [167]
1696 1580 1710 1594 «ι
1731 1561 1801 1598 δότε
1829 1576 1884 1609 μοι
1908 1562 1992 1612 ξίφος
2008 1562 2095 1604 ὅπως
2118 1563 2278 1613 τάχιστα,
2298 1565 2480 1609 ἢπινάκιον
2499 1582 2532 1606 20

1513 1615 1693 1664 τιμητικόν.
1713 1633 1728 1650 υ
1756 1620 1849 1654 τοῦτο
1867 1615 1901 1653 δὲ
1930 1616 2055 1654 ἐποίουν
2072 1617 2154 1665 μετὰ
2173 1619 2210 1655 τὸ
2229 1620 2413 1671 ἀποὸλέψαι
2439 1625 2482 1664 εἰς

1513 1669 1571 1711 τὰς
1587 1669 1712 1721 ψήφους
1725 1669 1781 1712 τὰς
1793 1672 1826 1707 ἐν
1840 1674 1882 1720 τῇ
1894 1670 2039 1707 κάλπιδι.
2055 1674 2083 1708 εἰ
2097 1671 2159 1723 γὰρ
2175 1672 2282 1723 ἑώρων
2296 1675 2352 1716 τὰς
2367 1677 2481 1723 μελαί-

1514 1738 1569 1765 νας
1586 1724 1730 1769 πλείους,
1743 1724 1922 1775 ἐχάραττον
1936 1721 1983 1775 τῷ
1997 1724 2089 1774 ὄνυχι
2101 1725 2159 1769 τὴν
2172 1726 2313 1777 μακρὰν,
2331 1730 2358 1764 εἰ
2378 1729 2411 1765 δὲ
2425 1729 2483 1771 τὰς

1514 1777 1647 1823 λευκὰς,
1663 1778 1722 1823 τὴν
1742 1779 1910 1829 βραχεῖαν.
1928 1779 1981 1815 ὅτε
1999 1778 2033 1815 δὲ
2052 1779 2180 1822 πλείους
2197 1776 2279 1826 ἦσαν
2302 1784 2336 1818 αἱ
2354 1784 2482 1829 λευκαὶ,

1515 1835 1532 1868 ὁ
1547 1832 1670 1869 διώκων
1685 1832 1792 1879 ἐνίκα,
1805 1835 1823 1869 ὁ
1842 1833 1967 1884 φεύγων
1993 1833 2039 1879 δ’,
2061 1834 2101 1878 ἢν
2116 1834 2246 1877 πλείους
2259 1838 2294 1872 αἱ
2312 1836 2481 1886 μέλαιναι,
2499 1853 2532 1876 25

1515 1886 1744 1937 κατεκρίνετο.)
1770 1909 1819 1915 -
1843 1887 1992 1924 εἰώθασιν
2013 1889 2044 1924 οῖ
2070 1889 2355 1938 καταδικαζόμενοι
2382 1893 2413 1927 ἐν
2434 1895 2481 1942 τῷ

1513 1940 1745 1992 γραμματιδίῳ
1759 1940 1886 1992 μακρὰν
1898 1940 2055 1992 γραμμὴν
2067 1941 2183 1980 ἕλκειν.
2197 1951 2234 1980 R.

1565 2008 1623 2033 107.
1650 1997 1679 2044 (ὁ
1706 1995 1880 2045 βομὸυλιός
1908 2009 1917 2034 :
1938 1998 2029 2047 Ζῷον
2050 1998 2185 2047 μελίττῃ
2210 1996 2330 2047 ὅμοιον·
2353 2000 2409 2036 καὶ
2434 2000 2482 2036 ὅτι

1515 2049 1614 2100 κηρὸν
1626 2051 1733 2098 ποιεῖ.)
1746 2073 1789 2080 -
1798 2054 1942 2087 ποιοῦσιν
1955 2052 1984 2087 οῖ
1997 2051 2169 2099 βομὸυλιοὶ
2178 2052 2288 2103 κηρία.
2300 2061 2337 2090 Β.

1567 2116 1623 2141 1011.
1651 2104 1951 2152 (ὑποπεπλασμένος
1967 2118 1976 2141 :
1994 2106 2256 2156 Πεπληρωμένος
2280 2106 2351 2150 τοὺς
2368 2109 2484 2158 ὄνυχας
2501 2123 2533 2147 ao

1514 2161 1615 2209 κηροῦ
1633 2157 1696 2194 ὑπὸ
1709 2159 1773 2193 τῶν
1788 2158 2025 2208 χαραγμάτων.
2049 2159 2208 2209 γράφεται
2227 2162 2482 2211 ἀναπεπλασμέ-

1515 2213 1588 2259 νος.)

1566 2279 1624 2304 110.
1653 2266 1812 2315 (αἰγιαλὸν
1828 2265 1915 2302 ἔνδον
1930 2266 2014 2315 ἔχων
2029 2279 2038 2304 :
2057 2266 2114 2308 Ὡς
2126 2267 2181 2304 ἐπὶ
2192 2266 2273 2318 ζῴου
2285 2269 2346 2319 ἔφη
2360 2271 2397 2305 τὸ
2409 2271 2480 2320 τρέ-

1538 2334 1578 2357 ει.
1596 2314 1673 2365 οἷον,
1690 2318 1819 2368 ἐγέμισε
1842 2319 1901 2364 τὴν
1927 2319 2032 2357 οἰκίαν
2046 2320 2185 2371 ψήφων.)
2211 2342 2253 2347 ——
2270 2322 2319 2359 ὅτι
2344 2326 2480 2361 πλεῖστα

1514 2334 1598 2419 {cuv
1611 2372 1802 2424 δικαστήρια
1816 2373 1994 2418 Ἀθήνησιν.
2008 2382 2044 2411 R.
2056 2375 2176 2418 παίζει.
2191 2376 2264 2413 ἀντὶ
2275 2381 2332 2414 τοῦ
2347 2377 2427 2427 ἔγει.
2443 2391 2479 2419 n,
2499 2399 2530 2422 :35

1566 2441 1623 2465 111.
1650 2427 1904 2476 (νουθετούμενος
1919 2441 1929 2465 z
1946 2428 2044 2480 Παρὰ
2061 2429 2104 2466 τὰ
2118 2431 2295 2481 Εὐριπίδου
2312 2434 2349 2469 ἐκ
2368 2421 2481 2470 Σθενε-

1516 2482 1605 2524 Θοίας

2500 1315 2529 1338 15

1628 2570 1738 2601 τοιαῦτ’
1750 2571 1829 2602 ἀλύει
1838 2571 2056 2611 νουθετούμενος
2064 2572 2159 2612 ἔρως.)

1565 2645 1680 2684 ἀλύεις
1702 2646 1822 2692 Ἀλύω,
1844 2648 2017 2695 ἀδημονῶ,
2039 2650 2169 2695 ἀθυμῶ,
2190 2651 2312 2700 ἀπορῶ.
2333 2650 2481 2698 σημαίνει

1516 2698 1548 2736 δὶ
1564 2699 1664 2737 ἐνίοτε
1677 2700 1713 2736 τὸ
1727 2700 1816 2737 ἀλύω
1830 2700 1934 2737 καὶτὸ
1946 2701 2063 2751 χαίρω.
2088 2708 2163 2740 vict.

1566 2766 1623 2791 110.
1651 2754 1817 2804 τριὸὠνιον
1834 2754 1903 2792 :⁶0
1915 2757 1945 2791 οἱ
1956 2755 2106 2791 δικασταὶ
2124 2759 2284 2805 φοροῦσιν.
2304 2763 2381 2793 vict.

1567 2820 1625 2844 119.
1657 2807 1912 2859 (ἐκορυὸάντιζεν
1929 2821 1938 2846 :
1955 2808 2012 2850 Ὡς
2026 2810 2216 2857 μαινόμενος
2231 2810 2286 2846 καὶ
2300 2810 2480 2860 κατεχόμε-

1515 2876 1566 2903 νος
1585 2861 1648 2897 ὓπὸ
1674 2861 1768 2898 θείου.
1796 2861 1866 2898 ἀντὶ
1887 2865 1963 2907 τοῦ,
1984 2861 2027 2898 τὰ
2050 2864 2114 2898 τῶν
2144 2862 2357 2912 Κορυὸάντων
2380 2864 2480 2901 ἐποίει

1516 2917 1603 2965 αὐτῷ
1619 2914 1801 2966 μυστήρια,
1819 2914 1872 2952 ἐπὶ
1884 2917 2044 2966 καθαρμῷ
2058 2918 2115 2959 τῆς
2130 2916 2267 2965 μανίας.)

1567 2985 1623 3011 120.
1652 2974 1709 3022 (εἰς
1725 2973 1762 3010 τὸ
1784 2973 1905 3012 Καινὸν
1928 2973 2079 3023 ἐμπεσών
2103 2987 2112 3012 :
2133 2974 2243 3016 Τόπος
2267 2977 2300 3012 ἐν
2322 2979 2368 3027 τῷ
2387 2979 2480 3014 δικα-
2498 2994 2529 3017 45

1516 3026 1637 3078 στηρίῳ
1654 3026 1738 3064 οὕτω
1752 3027 1933 3077 λεγόμενος.
1952 3026 2016 3064 εἶσὶ
2030 3026 2064 3064 δὲ
2080 3028 2125 3073 δ’,
2150 3029 2379 3078 Παράὸυστον,
2398 3034 2480 3068 Και-

1515 3081 1579 3126 νὸν,
1606 3081 1772 3131 τρίγωνον,
1816 3080 1939 3119 Μέσον.
1983 3081 2170 3130 τελούμενος
2207 3077 2273 3128 οῧν,
2310 3086 2406 3134 φησὶ,
2440 3086 2481 3122 τὰ

1516 3134 1679 3185 μυστήρια
1695 3138 1760 3172 τῶν
1781 3135 2010 3186 Κορυὸάντων,
2027 3137 2105 3187 παρ’
2124 3137 2213 3174 οὐδὲν
2235 3138 2318 3174 αὐτὰ
2335 3138 2479 3186 θέμενος,

1516 3188 1662 3239 κατέχων
1679 3190 1718 3226 τὸ
1728 3190 1907 3239 τύμπανον,
1923 3191 2073 3241 ὥρμησεν
2094 3193 2137 3232 εἰς
2150 3191 2186 3227 τὸ
2199 3193 2429 3244 δικαστήριον.)

1567 3256 1626 3282 121.
1648 3245 1792 3286 τελεταῖς
1807 3258 1815 3283 :
1833 3245 2022 3287 Ἐπινοίαις.
2046 3253 2122 3282 Vict.

2497 2725 2530 2748 ⁴0

2496 3267 2529 3289 <20

1567 3311 1625 3336 12³.
1654 3298 1712 3347 (εἷς
1726 3299 1923 3345 Ἀσκληπιοῦ
1942 3312 1951 3337 ι
1969 3300 2060 3337 Ἐκεῖ
2073 3299 2136 3350 γὰρ
2152 3301 2236 3350 ἱερόν
2255 3303 2351 3339 ἐστιν.
2370 3305 2412 3345 ὡς
2425 3319 2477 3341 νο-

1517 3355 1635 3389 σοῦντα
1649 3346 1703 3389 οὗν
1723 3354 1788 3390 ἐκεῖ
1800 3354 1934 3404 ἔφερεν.)

1568 3418 1625 3445 121.
1652 3405 1705 3443 ἐπὶ
1722 3410 1762 3457 τῇ
1779 3407 1918 3458 κιγκλίδι
1938 3421 1946 3446 :
1966 3409 2061 3456 (Ἀντὶ
2078 3412 2150 3454 τοῦ,
2169 3410 2202 3445 ἐν
2220 3413 2266 3460 τῷ
2283 3412 2480 3462 δικαστηρίῳ
