2931 4012
500 435 570 468 52⁴

500 523 557 545 om
586 512 627 546 V.
650 510 693 547 Θ.
720 511 852 557 Regius
871 523 879 545 t
898 507 978 545 Δέον
1002 510 1101 545 εἰπεῖν
1130 506 1276 545 Καλλίαν
1299 507 1353 543 τὸν
1380 510 1436 543 τοῦ

498 562 705 609 Ἱππονίκου,
728 563 912 600 διαὸοίλλων
939 562 1033 599 αὐτὸν
1056 564 1098 603 ὡς
1120 562 1206 598 πάνυ
1224 562 1341 611 πόρνον
1355 589 1365 603 ,
1383 561 1437 597 τὸν

498 616 685 655 Ἱπποὸίνου
702 619 818 667 φησὶν,
836 617 908 661 ἤτοι
923 620 978 653 τοῦ
994 616 1142 664 μεγάλως
1155 615 1361 666 πορνεύοντος
1375 629 1383 638 ·
1401 615 1439 652 τὸ

497 671 558 723 γὰρ
572 671 670 712 ἵππος
686 673 853 721 πολλαχοῦ
869 671 922 708 ἐπὶ
940 670 1091 719 μεγέθους
1120 669 1367 718 ἐκλαμὸάνεται.
1391 690 1438 697 -

499 725 520 770 ἢ
538 726 575 763 τὸ
589 725 759 763 ἱπποόίνου
779 725 851 762 ἀντὶ
863 730 921 762 τοῦ
937 724 1008 766 τοὺς
1023 724 1142 766 ἵππους
1158 723 1236 773 (sic)
1262 723 1436 760 συνουσιά-

497 783 604 823 ζοντος
615 809 625 827 ,
641 780 714 825 ἤτοι
731 779 941 824 κτηνοὸοίτου.

549 837 636 882 439,
657 836 703 871 36
721 838 853 870 τοιαῦτα
868 837 917 871 Μ.
935 834 1116 869 λαλούντων
1128 834 1172 871 Θ.
1188 854 1237 861 -
1251 835 1294 878 37
1316 835 1438 883 Κοριν-

497 887 574 928 θίοις
591 892 642 924 Μ.
658 909 709 919 —
727 889 772 923 38
789 900 842 935 sq.
857 886 1022 928 καὶ-ἷως
1048 889 1079 923 οἳ.
1098 890 1140 924 R.
1169 885 1304 934 ἐπέμενέ
1328 900 1363 923 τε
1382 881 1437 923 οὗν

497 941 575 978 αὐτὸ
590 941 694 990 λέγων
705 969 713 983 .
729 944 759 978 οἱ
782 942 816 979 δὲ
831 943 948 978 ceteri.
965 964 1013 970 —
1029 943 1075 989 39
1088 940 1272 991 σιχαθέντες
1283 942 1326 978 Θ.
1351 942 1438 977 εἰσα-

439 1032 444 1037 ,
496 994 625 1046 χθέντες
641 1000 690 1032 Μ.
704 995 931 1046 συγχανθέντες
948 999 992 1032 G.
1011 996 1239 1044 συγχανθέντες
1256 995 1311 1031 καὶ
1327 997 1369 1036 εἷς
1380 996 1438 1044 ὀρ-

496 1048 759 1100 γὴν’τραπέντες
787 1050 865 1086 ΑΙά.
892 1072 940 1076 -
959 1056 1005 1091 4ο
1032 1048 1184 1099 Κόρινθον
1215 1049 1362 1085 τουτέστι
1383 1048 1437 1085 τὸν

497 1103 624 1153 κήρυκα
638 1104 719 1141 Ald.
734 1125 781 1132 -
798 1111 817 1147 4
828 1118 839 1140 ι
866 1103 967 1140 ταυτὶ
990 1106 1030 1141 R.
1044 1108 1146 1140 ταῦτα
1168 1105 1212 1141 Θ.
1230 1107 1280 1140 Μ.
1299 1102 1341 1139 τὰ
1357 1102 1437 1139 αὐτὰ

498 1157 580 1194 Ald.
599 1156 641 1194 τὰ
658 1157 742 1194 αὐτὰ
762 1157 920 1206 λεγόντων
950 1157 1156 1208 πραττόντων
1174 1161 1216 1194 V.
1237 1179 1284 1185 —
1301 1163 1344 1199 42
1363 1157 1438 1197 Διὸς

496 1217 574 1253 παῖς
597 1215 639 1248 R.
664 1214 741 1261 βασ.
767 1212 944 1263 Κορινθίων
968 1216 1066 1248 V.—
1088 1214 1132 1255 43
1161 1220 1243 1260 post
1262 1211 1438 1261 Κορινθίοις

496 1266 594 1302 addit
624 1270 722 1304 Junt.
753 1265 922 1316 Μεγαρέας
944 1266 1022 1317 φασὶ
1052 1266 1229 1316 Κορινθίων
1264 1265 1415 1306 ἀποίκους
1427 1293 1437 1310 ,

497 1320 602 1356 πολλὰ
629 1326 693 1362 τοῖς
721 1321 900 1371 Κορινθίοις
926 1318 996 1356 mr*
1015 1321 1108 1370 ἰσχὺν
1124 1323 1182 1364 τῆς
1204 1321 1326 1361 πόλεως
1344 1319 1437 1356 ὑπεί-

496 1387 563 1410 κειν
574 1388 583 1397 ·
600 1374 684 1410 ἄλλα
697 1388 734 1411 τε
750 1374 814 1424 γὰρ
828 1375 961 1411 πλείονα
978 1373 1050 1415 τοὺς
1070 1374 1255 1424 Κορινθίους
1270 1374 1436 1425 προστάσ·

497 1440 563 1463 σειν
574 1453 583 1470 ,
597 1427 652 1463 καὶ
666 1430 730 1464 τῶν
751 1428 943 1476 Βακχιαδῶν
962 1428 992 1464 εἴ
1006 1443 1054 1469 τις
1079 1428 1274 1474 τελευτήσει,
1290 1428 1435 1478 (διῴκουν

496 1480 530 1516 δὲ
546 1481 637 1517 αὐτοὶ
660 1480 719 1525 τὴν
747 1482 869 1530 πόλιν,)
893 1481 957 1519 ἔδει
974 1478 1029 1519 οῧν
1054 1482 1230 1533 Μεγαρέων
1249 1484 1364 1533 ἄνδρας
1382 1482 1436 1519 καὶ

496 1540 648 1582 γυναῖκας
664 1533 812 1577 ἐλθόντας
830 1537 875 1577 εἷς
900 1535 1052 1585 Κόρινθον
1082 1535 1285 1584 συγκηδεύειν
1313 1535 1366 1572 τὸν
1387 1551 1438 1572 νε-

496 1587 571 1638 κρὸν
588 1590 653 1624 τῶν
678 1590 884 1637 Βακχιαδῶν.
905 1593 948 1632 ὡς
966 1588 999 1626 δὲ
1020 1589 1140 1638 ὕὸρεως
1163 1589 1253 1626 οὐδὲν
1280 1590 1436 1626 ἀπέλιπον

1218 428 1497 465 ΑΒΝΟΤΑΤῙΟ
1524 429 1573 466 ΙΝ
1599 429 1757 466 SCHOL.

1543 510 1625 554 473,
1644 511 1689 556 39
1707 512 1845 559 συγχεῶ.
1865 511 2094 548 Son-{bebatur
2111 510 2270 560 συγχέω.
2287 512 2451 548 Correxit

1493 563 1661 599 Matthiae.
1676 567 1848 601 Futurum
1867 566 1971 615 ἐκχεῶ
1988 573 2169 602 memor-at
2184 564 2452 602 Choerobosens

1493 616 1527 651 in
1542 619 1689 654 Bekkeri
1702 619 1833 655 Anecd.
1850 633 1884 668 p.
1904 632 2003 666 ¹²90·
2018 624 2139 656 Dum.
2154 619 2286 667 κόμαις
2297 622 2319 656 ὁ
2332 618 2393 667 μὲν
2407 621 2448 656 Θ.

1493 691 1530 697 -
1543 677 1587 713 40
1600 673 1686 720 ῥανῶ
1695 687 1729 708 τε
1736 671 1847 710 πεδόσ’
1860 674 2025 710 Matthiae.
2037 673 2136 723 ρᾶναί
2151 689 2189 710 τε
2198 674 2227 709 δ’
2238 675 2292 712 Θ.
2304 673 2390 710 Ald.
2397 673 2451 723 ῥό-

1491 737 1566 762 νατε
1584 726 1614 762 δ’
1632 730 1675 761 V.
1690 751 1729 757 -
1741 733 1759 769 4
1769 742 1782 763 1
1802 730 2049 776 αἰματοσταγεῖν
2065 732 2107 765 V.
2122 730 2170 765 Θ.
2183 727 2330 765 fison-en
2347 728 2448 763 Bent-

1493 779 1590 815 leius.
1610 781 1809 829 Legebatur
1826 782 2003 831 ῥεύσονται.
2022 783 2062 819 ln
2086 782 2278 818 addendis
2298 781 2451 817 Dindor-

1492 833 1556 868 fius
1570 846 1578 868 ε
1595 850 1610 866 ιι
1623 834 1845 871 Probabilior
1872 848 1965 872 nunc
1994 836 2079 872 mihi
2103 836 2260 872 videtur
2293 836 2450 872 Bau-nesii

1491 889 1663 924 correctio
1678 891 1868 936 αἱμοσταγεῑ
1887 892 2053 940 πρηστῆρε
2070 888 2252 939 ῥεύσονται
2269 889 2379 925 κάτω.
2392 906 2407 921 ι

1541 947 1624 986 474,
1645 949 1689 985 4ο
1708 943 1874 991 πλεύμονα
1889 941 2054 991 πνεύμονα
2072 946 2117 979 R.
2138 947 2235 991 Reg.
2264 957 2274 978 :
2300 942 2451 989 Πλευμό·

1491 1010 1553 1032 νων
1570 996 1640 1033 ἀντὶ
1653 1001 1710 1033 τοῦ
1729 997 1916 1046 πνευμόνων
1931 1012 1940 1021 ·
1955 999 1985 1033 οἱ
1999 997 2058 1046 μὲν
2075 996 2142 1048 γὰρ
2158 1000 2312 1048 Δωριεῖς
2328 997 2401 1033 τὸλ
2413 998 2451 1037 εἷς

1490 1063 1508 1084 ν
1519 1049 1670 1100 τρέπουσι
1682 1078 1693 1096 ,
1710 1050 1748 1088 τὸ
1766 1048 1864 1098 ἦλθον
1888 1045 1984 1096 ἧνθον
2001 1050 2154 1099 λέγοντες
2166 1066 2175 1074 ·
2198 1053 2233 1087 οἱ
2253 1051 2294 1087 δὲ
2315 1051 2451 1088 Ἀττικοὶ

1489 1103 1527 1139 τὸ
1541 1104 1692 1141 ἐναντίον.

1542 1153 1625 1199 475,
1642 1160 1686 1196 44
1702 1167 1754 1202 sq.
1769 1152 2118 1205 Μύραινα-μύρεσθαι
2139 1167 2215 1190 om.
2231 1158 2282 1191 R.
2298 1177 2340 1185 —
2354 1155 2452 1203 4525

1491 1215 1527 1243 ct
1542 1210 1587 1251 46
1603 1207 1762 1259 μύραιναν
1778 1223 1847 1245 om.
1864 1213 1903 1247 V.
1922 1210 1995 1245 ΑΜ.
2010 1215 2118 1254 -47,
2135 1212 2170 1247 Τ
2171 1209 2451 1260 αρτησίαςγαλῆς

1492 1264 1705 1300 mentionem
1729 1265 1812 1300 facit
1825 1265 1986 1301 AElianus
1999 1267 2079 1300 ναν.
2109 1265 2208 1300 nist.
2229 1265 2303 1301 lib.
2330 1264 2391 1308 ιθ,
2411 1270 2451 1310 4,

1492 1316 1553 1352 ubi
1565 1317 1643 1353 vide
1656 1319 1890 1355 Perizonium.
1907 1322 1961 1354 De
1973 1317 2063 1354 urbe
2075 1318 2159 1354 vide
2174 1322 2281 1355 Sam.
2303 1319 2451 1355 nechar-

1493 1379 1564 1405 tum
1580 1374 1636 1407 De
1652 1373 1766 1408 colon.
1783 1373 1937 1408 Phoenic.
1953 1371 2014 1407 lib.
2041 1385 2052 1407 ι
2070 1399 2081 1417 ,
2097 1385 2181 1421 cap.
2203 1374 2270 1415 34.
2291 1376 2406 1409 Kos-r.
2418 1395 2450 1402 -

1493 1424 1539 1459 48
1554 1425 1746 1475 Ταρτησσὸς
1762 1430 1804 1462 R.
1816 1435 1852 1462 et
1874 1426 2000 1470 Suidas
2015 1439 2043 1462 s.
2059 1426 2093 1462 h.
2116 1439 2150 1460 v.
2176 1429 2274 1475 Reg.
2295 1442 2305 1463 :
2319 1429 2432 1477 Ταρκι-ν,

1492 1477 1545 1519 σὸς
1561 1478 1654 1519 πόλις
1681 1479 1822 1531 Ἰὅηρίας
1845 1480 1920 1531 περί
1943 1494 2006 1516 που
2026 1480 2067 1523 τὰ
2087 1480 2241 1531 Γάδειρα
2258 1496 2268 1504 ·
2300 1481 2394 1517 ἄλλοι
2419 1480 2448 1515 δέ

1491 1546 1569 1582 φασι
1586 1534 1659 1583 περὶ
1671 1533 1729 1578 τὴν
1746 1533 1876 1585 Ἄορνον
1890 1533 2022 1582 λίμνην.
2038 1533 2129 1582 λέγει
2147 1533 2185 1571 δὲ
2204 1538 2323 1571 ταῦτα
2335 1535 2445 1579 πάντα,

1490 1586 1530 1623 ἵν’
1547 1587 1691 1637 ἐκπλήξῃ
1705 1592 1815 1626 τοῦτον
1831 1587 1883 1624 διὰ
1898 1588 1963 1638 (τὸ)
1976 1592 2033 1625 τοῦ
2050 1588 2155 1624 τόπου
2167 1588 2349 1633 ἀσύνηθες.
2365 1589 2445 1625 ἄλλοι

497 1644 526 1679 οἱ
542 1642 705 1692 Κορίνθιοι
717 1671 727 1688 ,
739 1641 780 1678 τὰ
798 1643 831 1679 δὲ
850 1645 916 1679 τῶν
932 1643 1107 1693 Μεγαρέων
1122 1644 1262 1693 ἔρρωτο,
1288 1644 1342 1680 καὶ
1360 1645 1438 1695 πρὸς
1462 1646 1466 1699 1
1491 1642 1524 1676 δὲ
1551 1643 1699 1690 λέγουσιν
1723 1644 1767 1683 ὥς
1787 1644 1822 1679 οὖ
1844 1641 1940 1690 μόνον
1967 1641 2057 1691 ἶχθῦς
2077 1643 2152 1678 ἔστι
2175 1642 2351 1694 μύραινα,
2369 1643 2443 1679 ἀλλὰ

496 1697 604 1733 ἐλπίσι
628 1700 685 1733 τοῦ
710 1696 811 1743 μηδὲν
840 1701 952 1734 παθεῖν
980 1697 1183 1739 ἀποστάντας
1199 1697 1313 1740 αὐτοὺς
1326 1727 1336 1744 ,
1365 1699 1437 1735 ἀλλ’

496 1752 648 1801 ἀφεῖναι·
663 1751 830 1798 πέμπουσι
850 1750 889 1796 δὴ
904 1751 1055 1802 πρέσὸεις
1071 1754 1101 1787 οἱ
1127 1751 1307 1802 Κορίνθιοι,
1330 1767 1432 1796 κατ-ι,-

495 1805 692 1856 γορήσοντας
715 1805 891 1855 Μεγαρέων
906 1820 915 1830 ·
943 1806 974 1842 οἳ
995 1805 1222 1856 προσελθόντες
1236 1808 1279 1847 εἰς
1301 1806 1360 1850 τὴν
1379 1808 1437 1842 ἐκ-

496 1858 633 1903 κλησίαν
651 1887 661 1905 ,
683 1858 768 1895 ἄλλα
794 1874 830 1896 τι
852 1859 956 1897 πολλὰ
975 1860 1155 1904 διεξῆλθον,
1181 1860 1235 1896 καὶ
1254 1860 1366 1904 τέλος,
1388 1861 1437 1896 δι-

496 1912 596 1954 καίως
614 1913 758 1956 στενᾶξοι
776 1917 793 1950 ὁ
810 1913 885 1955 Διὸς
910 1913 1064 1963 Κόρινθος
1076 1942 1087 1960 ,
1114 1915 1141 1950 εἰ
1168 1914 1214 1962 μὴ
1231 1913 1325 1950 λάὸοι
1344 1914 1435 1959 δίκην

494 1966 572 2017 παρ’
585 1969 699 2003 αὐτῶν.
713 1969 763 2018 ἐφ’
778 1963 825 2009 οἶς
842 1969 1108 2019 παροργισθέντες
1133 1970 1162 2004 οἱ
1180 1970 1350 2019 Μεγαρεῖς,
1364 1969 1438 2010 τοὺς

495 2020 644 2071 πρέσὸεις
658 2022 754 2062 λίθοις
771 2022 890 2059 ἐὸαλον
903 2051 914 2068 ,
931 2023 986 2059 καὶ
1005 2022 1089 2059 κατὰ
1105 2022 1218 2073 μικρὸν
1238 2022 1434 2067 ἐπιὸοησᾶν-

494 2090 559 2111 των
573 2077 668 2111 τινῶν
690 2081 756 2117 τοῖς
776 2077 973 2126 Κορινθίοις,
990 2077 1045 2113 καὶ
1061 2077 1171 2126 μάχης
1190 2077 1364 2126 γενομένης
1384 2093 1436 2115 νι-

495 2128 671 2175 κήσαντες,
701 2132 785 2181 φυγῇ
803 2133 867 2167 τῶν
888 2131 1063 2181 Κορινθίων
1094 2131 1323 2182 ἀποφυγόντων
1352 2133 1434 2182 ἑφα-

494 2183 665 2231 πτόμενοι,
688 2186 861 2227 κτείνοντες
877 2186 947 2234 ἅμα
970 2186 1077 2223 παίειν
1100 2187 1154 2223 τὸν
1183 2187 1257 2228 Διὸς
1280 2186 1435 2236 Κόρινθον

494 2237 652 2274 ἐκέλευον.
681 2238 752 2276 ὅθεν
774 2239 870 2290 φησὶν
895 2243 913 2276 ὁ
942 2240 1063 2288 Δήμων
1086 2241 1132 2277 ἔτι
1148 2241 1203 2277 καὶ
1221 2245 1273 2278 νῦν
1300 2241 1353 2278 ἐπὶ
1371 2244 1434 2278 τῶν

494 2290 575 2339 ἄγαν
603 2292 847 2340 σεμνυνομένων
871 2293 927 2330 καὶ
947 2294 1055 2336 δεινῶς
1081 2294 1352 2332 ἀπαλλαττόντων
1375 2295 1434 2339 τὴν

493 2345 670 2395 παροιμίαν
679 2345 845 2395 τετάχθαι.
858 2352 995 2392 Quaeex
1006 2348 1191 2385 scholiasta
1202 2349 1341 2385 Pindari
1354 2358 1434 2386 sunt

493 2400 588 2436 illata
603 2403 701 2436 Nem.
717 2414 751 2446 7,
769 2401 846 2436 155.
873 2405 983 2438 Dum.
997 2424 1041 2430 —
1063 2407 1107 2445 44
1125 2402 1214 2452 παρὰ
1234 2402 1289 2439 τὸν
1314 2407 1356 2439 G.
1374 2403 1433 2448 τὴν

493 2453 583 2504 παρὰ
612 2458 668 2491 τοῦ
693 2458 736 2491 V.
751 2457 859 2498 -48
885 2462 1002 2503 τιμᾶτε
1027 2460 1070 2493 G.
1097 2462 1233 2504 τιμᾶται
1267 2460 1306 2493 V.
1322 2478 1371 2485 —·
1389 2463 1434 2504 49

496 2508 652 2557 βασιλέως
670 2509 776 2545 habet
794 2514 855 2555 G.,
871 2522 941 2547 om.
956 2514 1001 2548 V.

544 2568 634 2607 440,
669 2575 710 2598 12
738 2563 816 2613 πρὸς
844 2564 940 2601 αὐτὸν
959 2568 1001 2601 R.
1020 2587 1067 2593 —
1089 2566 1199 2601 13-35
1227 2578 1298 2601 om.
1320 2567 1363 2603 Θ.
1383 2570 1434 2604 Μ.

496 2616 613 2651 36-38
632 2629 703 2653 om.
724 2620 774 2652 M.
793 2619 893 2654 Cous.
912 2620 1025 2655 schol.
1042 2632 1079 2655 v,
1095 2620 1277 2665 354.-37
1302 2620 1432 2670 διαιρεῖν

493 2670 538 2706 Θ.
556 2693 603 2700 —-
622 2671 667 2705 38
679 2672 945 2720 οἰκοδομούμενος
966 2677 1006 2707 V.

543 2723 614 2769 459
630 2736 700 2759 om.
728 2728 774 2759 Μ.
789 2749 828 2756 -
850 2727 889 2761 5ι
916 2730 973 2762 τοῦ
995 2726 1091 2767 ἰδίους
1111 2727 1257 2764 τουτέστι
1288 2729 1362 2763 πολ.
1391 2732 1432 2763 V.

492 2780 550 2812 τοῦ
566 2775 640 2817 τοὺς
655 2777 799 2814 τουτέστι
815 2780 887 2816 πολ.
902 2782 959 2824 G.,
975 2781 1036 2827 qui
1050 2781 1094 2815 52
1112 2785 1206 2817 τοῦτο
1221 2794 1290 2817 om.
1308 2784 1432 2832 εἴρηται

492 2829 577 2868 κατὰ
592 2832 788 2881 παραγωγήν
805 2834 879 2869 Ald.
906 2833 940 2870 δὲ
956 2847 1025 2870 om.
1043 2837 1101 2881 V.,
1121 2837 1219 2883 prius
1237 2836 1293 2871 καὶ
1306 2850 1375 2872 om.
1393 2842 1429 2872 R.

496 2889 549 2930 V.,
565 2885 714 2921 alterum
727 2888 744 2922 ὃ
757 2899 826 2921 om.
839 2891 880 2923 R.
899 2891 941 2922 V.
960 2889 1043 2925 8.-
1054 2895 1072 2931 4
1090 2887 1112 2932 ἢ
1130 2889 1328 2937 συμπολίτας
1344 2894 1429 2939 Reg.

543 2940 615 2981 460
635 2952 706 2975 om.
723 2941 827 2975 etiam
843 2941 885 2977 Θ.
905 2943 951 2976 Μ.

542 2995 613 3035 465
628 2995 661 3029 τί
677 2992 837 3041 δὲ-λέγει
855 2997 893 3030 V.

541 3049 624 3093 467,
636 3061 681 3083 20
692 3047 733 3084 τὰ
742 3050 807 3084 τῶν
814 3049 965 3092 Θησεῖων
978 3048 1057 3096 [sic]
1067 3053 1107 3084 V.
1123 3050 1301 3100 Εὐριπίδην
1317 3054 1356 3086 V.
1365 3054 1428 3087 Se-

492 3104 635 3150 quentia
651 3104 865 3152 corrigenda
880 3111 962 3139 sunt
977 3116 1020 3139 ex
1034 3104 1169 3140 scholio
1188 3118 1219 3140 v.
1237 3107 1318 3149 475.
1333 3129 1371 3137 -
1384 3108 1427 3142 23

492 3156 595 3193 πολλὰ
609 3159 642 3193 ἐν
660 3159 784 3195 codex.

541 3212 611 3258 469
628 3214 678 3248 sic
696 3217 751 3258 R„
762 3212 862 3254 οὕτως
880 3211 1017 3249 Ἀττικοὶ
1036 3212 1071 3248 τὸ
1089 3211 1148 3261 ἔχῃ
1166 3211 1230 3248 ἀπὸ
1243 3217 1297 3248 τοῦ
1312 3212 1430 3261 ἔχομαι

492 3264 637 3315 δευτέρου
652 3266 838 3314 προσώπου.
863 3266 979 3307 ἄλλως.
1004 3265 1075 3302 ἀντὶ
1090 3269 1147 3302 τοῦ
1160 3266 1258 3314 μέσον
1279 3266 1427 3316 ἐλήφθης,

492 3319 528 3354 ἐκ
543 3332 581 3366 μ.
602 3333 631 3355 τ.
649 3322 719 3358 ἀθλ.
736 3324 778 3357 R.
793 3353 798 3358 .

540 3378 624 3419 470,
640 3375 681 3410 31
701 3387 754 3423 sq.
767 3388 836 3411 om.
855 3378 960 3411 etiam
978 3375 1022 3410 Θ.

1491 1695 1545 1732 καὶ
1562 1697 1669 1745 θηρίον
1684 1691 1723 1740 ἦν
1738 1712 1770 1732 τι
1786 1697 1858 1747 περὶ
1882 1696 1936 1732 τὸν
1955 1696 2124 1746 εἰρημένον
2148 1696 2263 1733 ’τόπον
2282 1697 2369 1734 οὕτω
2389 1712 2442 1733 κα-

1490 1749 1642 1798 λούμενον
1655 1778 1666 1796 ,
1680 1750 1823 1801 χαλεπὸν
1853 1756 1913 1791 τοῖς
1936 1752 2174 1801 ἐντυγχάνουσι
2200 1753 2264 1789 καὶ
2292 1753 2442 1796 δυσάντη·

1490 1819 1555 1840 τον.
1571 1830 1611 1837 -
1624 1806 1666 1841 51
1700 1806 1753 1842 ἐπὶ
1767 1805 1905 1850 πλησίον
1931 1815 2136 1853 suspectum
2156 1815 2225 1843 est.
2243 1811 2361 1843 Dum.
2377 1808 2440 1842 ἐπι-

1490 1857 1641 1895 πλύνσιον
1660 1863 1702 1896 V.
1715 1883 1755 1891 —
1768 1861 1812 1896 52
1832 1861 2006 1910 Εὐριπίδου
2019 1889 2030 1906 ,
2048 1861 2093 1897 53
2109 1855 2161 1902 οἷς
2176 1862 2328 1898 ἐνταῦθα
2344 1876 2399 1897 παι
2430 1876 2439 1896 ι

1491 1913 1533 1949 Θ.
1550 1915 1648 1951 Cons.
1667 1915 1776 1951 schol.
1794 1928 1827 1949 v.
1852 1916 1932 1959 467.

1541 1974 1629 2012 477,
1654 1983 1665 2004 ι
1694 1970 1738 2006 Οἱ
1763 1970 1795 2006 Τ
1798 1969 1933 2017 ιθροίσιοι
1959 1968 2024 2005 ἀπὸ
2054 1973 2154 2005 R..-
2170 1981 2192 2004 α
2215 1971 2284 2006 οὐκ
2308 1972 2352 2014 ἡκ
2368 1970 2435 2018 [sic]

1491 2021 1524 2058 δὲ
1541 2025 1581 2058 V.
1600 2024 1660 2072 οὐχ
1674 2023 1785 2065 ἅπλῶς
1800 2022 1833 2059 δὲ
1847 2027 1891 2059 G.
1908 2047 1945 2054 —
1964 2025 1984 2059 5
2002 2036 2053 2071 sq.
2071 2023 2243 2074 Τιθρασὸς
2256 2049 2298 2055 -
2311 2027 2350 2062 Λ.
2366 2027 2396 2061 ἐν
2412 2018 2434 2073 ᾧ

1490 2078 1523 2112 αἱ
1540 2078 1576 2113 Γ.
1592 2081 1792 2113 κατοικοῦσιν
1811 2079 1852 2118 εἷς
1874 2077 1910 2114 τὸ
1925 2079 2027 2113 ἐκεῖσε
2044 2076 2157 2113 πεδίον
2177 2081 2273 2126 Reg.

1541 2137 1623 2177 479,
1647 2146 1690 2176 9-
1702 2145 1740 2176 ¹7
1761 2132 1811 2167 sic
1823 2135 1879 2176 R„
1893 2130 1942 2167 ὅτι
1952 2131 2032 2181 πρὸς
2046 2131 2170 2174 τὸ-εἷς
2184 2136 2300 2177 τοῦτο.
2320 2131 2391 2168 ἰδὼν
2404 2132 2432 2168 δὲ

1489 2184 1736 2222 -πλουτοδότα,
1767 2186 1864 2222 Idem
1892 2193 2059 2234 praeterea
2083 2184 2196 2221 habet
2223 2186 2377 2233 glossam
2401 2185 2432 2221 τὸ

1489 2237 1580 2273 κάλει
1594 2237 1663 2274 θεὸν
1678 2240 1721 2279 ὡς
1739 2239 1817 2288 πρὸς
1833 2240 1890 2282 τὴν
1912 2238 2022 2275 θυσίαν
2036 2252 2045 2262 ·
2065 2246 2098 2274 et
2111 2266 2123 2286 ,
2143 2238 2181 2275 τὸ
2197 2238 2300 2275 κάλει
2317 2240 2383 2275 θεὸν
2397 2241 2431 2278 ὣς

1488 2291 1567 2341 πρὸς
1583 2292 1731 2340 βοήθειαν
1750 2293 1847 2340 λέγει.
1865 2317 1904 2324 -
1921 2307 1961 2329 ιο
1988 2287 2079 2333 οὗτος
2102 2304 2176 2327 om.
2191 2296 2237 2328 V.
2257 2317 2294 2325 --
2312 2307 2324 2329 1
2336 2306 2349 2329 ι
2374 2306 2430 2342 pro

1489 2346 1586 2386 οὕτως
1604 2350 1645 2382 R.
1660 2347 1781 2394 ἄλλως,
1800 2355 1836 2384 et
1851 2347 1951 2387 οὕτως
1966 2347 2063 2383 addit
2081 2355 2165 2394 post
2181 2347 2429 2383 ἀποδεδώκασιν.

1487 2423 1527 2431 -
1548 2401 1588 2435 16
1604 2409 1683 2437 ante
1700 2401 1870 2451 ἐκκέχυται
1885 2406 1926 2438 R.
1947 2401 2052 2437 habet
2067 2402 2328 2449 compendium
2343 2401 2429 2450 quod

1489 2456 1543 2490 vel
1565 2454 1764 2503 ἐπιλέγουσιν
1788 2457 1842 2491 vel
1868 2454 2009 2502 ἐπιλέγει
2033 2454 2086 2489 vel
2111 2453 2307 2502 ἐπιλέγεται
2331 2464 2428 2491 notat.

1488 2511 1531 2551 ὡς
1550 2508 1722 2558 ἐκκέχυται
1736 2508 1865 2558 λέγεται
1885 2508 1984 2558 (λέγει
2001 2509 2057 2558 V.)
2076 2510 2199 2545 ceteri.
2221 2533 2257 2540 -
2277 2523 2317 2555 17
2332 2513 2427 2546 τοῦτο.

1488 2562 1655 2611 ἐγκέχοδα.
1680 2565 1839 2614 παροιμία
1863 2564 1933 2600 ἀντὶ
1960 2563 2036 2611 (ἀπὸ
2055 2564 2117 2610 G.)
2147 2566 2206 2600 τοῦ
2225 2564 2327 2614 χέζω.
2347 2564 2428 2599 κάλει

1488 2617 1557 2653 θεὸν
1575 2618 1652 2667 πρὸς
1668 2620 1699 2666 β.
1717 2623 1757 2654 V.
1772 2622 1877 2655 τοῦτο.
1906 2618 2003 2667 ἔχεσα
2018 2617 2081 2654 ὑπὸ
2101 2621 2159 2654 τοῦ
2180 2618 2287 2658 δέους.
2310 2618 2377 2655 ἔστι
2399 2617 2428 2653 δὲ

1488 2670 1584 2719 μέσος
1610 2672 1852 2722 παρακείμενος.
1881 2672 1943 2709 ἀπὸ
1956 2676 2012 2708 τοῦ
2034 2672 2121 2720 χέζω
2141 2671 2237 2720 χέσω
2256 2673 2376 2721 κέχοδα
2391 2674 2428 2711 ὣς

1486 2725 1549 2761 ἀπὸ
1572 2729 1628 2762 τοῦ
1641 2726 1753 2777 φράσω
1768 2725 1928 2776 πέφραδα.
1944 2728 2038 2773 (Haec
2056 2726 2170 2761 etiam
2181 2727 2220 2761 iu
2247 2727 2351 2776 Reg.)
2358 2726 2426 2776 πρὸς

1488 2781 1519 2827 β.
1543 2781 1587 2816 Θ.
1604 2804 1641 2810 -
1658 2787 1759 2822 20-24
1777 2793 1847 2816 om.
1864 2782 1967 2816 etiam
1983 2782 2025 2817 Θ.

1538 2840 1618 2885 48ι,
1640 2842 1683 2875 25
1706 2840 1874 2890 φροντίζω,
1890 2840 2002 2889 ὠχριῶ
2018 2842 2060 2874 V.
2083 2840 2126 2876 Θ.
2146 2839 2330 2889 φροντίδων
2352 2839 2421 2874 libn'

1486 2900 1613 2939 praeter
1627 2896 1668 2929 R.
1683 2916 1722 2925 .-
1736 2895 1781 2929 26
1794 2906 1845 2941 sq.
1862 2895 2060 2941 ὡρακιᾶσθαι
2076 2892 2110 2928 δὲ
2128 2892 2419 2942 λέγουσι-ὠχριᾶ-

1485 2948 1559 2982 σθαι
1578 2947 1633 2991 G.,
1647 2949 1707 2995 qui
1728 2947 1961 2989 ἀπὸ-αἷκίζειν
1979 2960 2098 2982 οιιι.-
2111 2950 2158 2982 28
2174 2946 2286 2997 τούτῳ
2304 2947 2337 2984 δὲ
2351 2949 2427 2985 Θ.-

1487 3013 1531 3046 29
1547 3000 1595 3035 θλ.
1611 2999 1673 3050 γὰρ
1691 3001 1823 3050 καρδίας
1839 3004 1935 3037 τοῦτο
1952 3001 2075 3048 γίνεται
2091 3003 2130 3035 V.
2149 3004 2286 3038 Parum
2302 3001 2428 3050 proba—

1486 3053 1555 3089 bile
1571 3055 1654 3090 mihi
1679 3053 1817 3090 videnu-
1840 3055 2027 3103 Sophoclis
2044 3055 2146 3090 illum
2169 3069 2318 3092 versum
2340 3069 2427 3101 esse,

1483 3120 1588 3154 quem
1609 3109 1805 3144 Brunckius
1830 3110 1959 3144 inserta
1974 3117 2052 3157 post
2078 3109 2115 3145 τὸ
2136 3111 2322 3158 particula
2338 3109 2372 3146 δὲ
2388 3110 2429 3146 ab

1484 3161 1580 3197 hiatu
1599 3162 1778 3198 liberabat.
1796 3163 1941 3198 Accedit
1956 3163 1998 3198 ad
2016 3163 2085 3198 hoc
2103 3165 2229 3213 inepta
2247 3166 2311 3202 issa
2326 3173 2361 3201 et
2374 3166 2428 3201 ni-

1484 3216 1549 3251 mis
1562 3228 1825 3264 supervacanea
1849 3217 2030 3252 annotatio
2052 3220 2150 3253 τοῦτο
2169 3218 2204 3254 δὲ
2223 3220 2361 3261 πολλοῖς
2381 3219 2429 3267 γί-

1482 3283 1578 3304 νεται.
1596 3269 1829 3314 Quamobrem
1845 3270 1990 3317 vestigia
2003 3269 2134 3305 codicis
2149 3274 2279 3308 Veneti
2292 3283 2430 3310 secutus

1482 3324 1530 3358 sic
1547 3324 1620 3358 haec
1635 3324 1844 3371 corrigenda
1860 3337 1935 3359 esse
1950 3331 2052 3371 puto,
2067 3323 2257 3372 ὼρακιᾶσαι
2283 3327 2319 3365 δὲ
2337 3328 2426 3377 λίγε-

1480 3391 1535 3413 ται
1549 3376 1588 3413 τὸ
1598 3376 1659 3412 ὕπὸ
1671 3376 1770 3428 φόὸου
1783 3378 1956 3428 ὠχριᾶσαι.
1972 3379 2065 3413 τοῦτο
2083 3376 2118 3412 δέ
2146 3379 2325 3429 Σοφοκλῆς
2343 3376 2429 3418 εἶπεν
