2931 4012
1390 431 1544 470 PLUTI.

492 520 539 555 sis
560 518 693 554 lusisse.
718 519 879 554 Attamen
897 521 1003 551 restat
1023 513 1210 549 difficultas
1234 515 1271 549 in
1291 512 1356 549 ἀπὸ
1373 515 1429 548 τοῦ

492 572 618 623 ἑταίρω
629 586 637 595 ·
650 572 733 607 satis
746 570 966 607 commodam
978 569 1261 617 explanationem
1273 568 1429 605 admittit

492 627 623 677 ἁρπαγῇ
634 624 769 669 παίζειν,
778 628 888 672 pilam
901 625 1061 670 rapiemdo
1074 625 1202 666 ludere,
1218 635 1427 671 quamquam

494 687 615 721 melius
631 685 787 735 ἇρπαστῷ
809 686 986 733 legeretur
1010 698 1018 719 ε
1044 683 1106 719 sed
1126 682 1191 719 ἀπὸ
1207 687 1262 719 τοῦ
1284 682 1428 733 ἑταίρου,

492 740 578 785 nisi,
596 740 692 788 quod
710 738 873 787 equidem
893 750 1086 787 pernegare
1102 739 1224 782 nolim,
1244 738 1347 785 plura
1362 737 1428 773 de-

492 795 632 838 ficiant,
650 792 781 841 quibus
801 792 1006 837 adhaesa-it,
1031 793 1215 828 sententiae
1240 792 1430 827 convenire

492 848 634 883 minime
663 847 805 883 videtur
827 860 835 881 τ
863 859 944 882 nam
969 847 998 882 si
1019 846 1075 882 vel
1095 846 1266 894 explicari
1286 854 1428 893 posset,

491 915 514 936 a
528 906 616 937 socio
634 911 736 948 rapta
751 904 826 948 pila
846 902 978 947 eadere,
1003 901 1079 948 ipsa
1099 902 1195 936 lusus
1217 899 1292 947 ejus
1315 901 1405 936 ratio
1418 928 1429 946 ,

491 968 560 1003 qua
585 955 746 991 solebant
772 962 979 990 ostentatam
1007 954 1091 990 huic
1119 955 1224 1004 pilam
1251 955 1295 990 ad
1322 955 1429 990 alium

490 1010 666 1057 conjicere
684 1036 694 1055 ‚
727 1010 954 1057 prioremque
985 1008 1171 1054 frustrari,
1199 1008 1429 1058 explicationi

491 1063 714 1112 repugnabit.
738 1066 792 1099 Ex
820 1063 950 1111 quibus
968 1064 1037 1099 hoc
1054 1071 1211 1109 constet,
1228 1065 1307 1100 loca
1329 1071 1429 1099 vete-

491 1131 567 1154 rum
580 1119 792 1166 scriptorum
808 1117 1050 1166 suppeditabit
1064 1121 1117 1154 Jo.
1136 1120 1264 1154 Meurs.
1284 1120 1339 1153 De
1354 1117 1427 1154 lud.

491 1176 602 1208 Graec.
623 1172 660 1208 iu
678 1171 862 1222 Ἔφετίνδα.
882 1175 1035 1206 Venerat
1057 1172 1093 1208 in
1115 1180 1268 1208 mentem
1287 1171 1351 1207 ἀπὸ
1372 1175 1429 1208 τοῦ

489 1226 637 1276 σφαιρίου
656 1226 781 1262 eodem
797 1224 968 1273 loquendi
987 1225 1116 1271 modo,
1132 1239 1203 1274 quo
1221 1226 1352 1262 dicitur
1366 1226 1430 1262 ἀπὸ

489 1280 607 1315 θαλλοῦ
622 1281 797 1330 περιάγειν,
811 1277 875 1315 ἀπὸ
889 1278 1052 1330 τροχιλίας
1064 1281 1181 1330 ἀνιμᾷν
1193 1295 1202 1303 ·
1219 1279 1283 1317 ἀπὸ
1298 1279 1429 1329 ῥαὸδίου

490 1334 703 1379 οἰακίζεσθαι,
718 1333 782 1370 ἀπὸ
795 1332 947 1380 ἐξωμίδος
959 1333 1135 1384 περιιέναι·
1151 1335 1275 1370 Pollux
1287 1342 1383 1370 certe
1394 1348 1429 1381 9,

494 1389 560 1424 105
586 1388 629 1424 de
650 1389 730 1424 lusu
753 1387 900 1438 φαινίνδα
923 1388 973 1424 sic
996 1388 1117 1424 scribit
1136 1402 1144 1424 ε
1164 1388 1320 1430 εἷκᾶζοιτο
1343 1389 1372 1424 δ’
1391 1388 1429 1424 ἂν

490 1437 571 1477 εἶναι
593 1445 614 1486 ἡ
637 1442 690 1478 διὰ
712 1445 768 1478 τοῦ
790 1444 905 1490 μικροῦ
926 1442 1090 1492 σφαιρίου,
1109 1441 1127 1478 ὃ
1148 1444 1184 1479 ἐκ
1200 1447 1255 1479 τοῦ
1276 1443 1429 1493 ἁρπάζειν

432 1493 436 1498 ’
488 1496 687 1544 ὠνόμασται.
712 1500 785 1533 Hac
812 1497 856 1532 de
881 1509 920 1532 re
944 1509 1091 1545 quoquo
1114 1497 1222 1533 modo
1244 1505 1429 1542 statuatur,

489 1552 575 1587 illud
588 1553 733 1600 quidem
746 1552 921 1587 affirmare
932 1564 1003 1587 non
1019 1564 1156 1596 vereor,
1170 1553 1329 1599 spuriam
1343 1566 1428 1597 esse,

489 1617 594 1652 quam
610 1606 796 1654 proposui,
811 1605 935 1641 scholii
949 1613 1085 1653 partem
1099 1619 1107 1640 :
1124 1606 1429 1654 interpretationis

489 1661 641 1708 antiquae
676 1660 755 1695 finis
789 1667 842 1695 est
870 1660 905 1695 iu
940 1659 1191 1709 προσπαίζοντος
1211 1673 1220 1695 :
1250 1661 1427 1708 adjectum

489 1717 632 1756 postea,
655 1708 676 1753 ἢ
699 1706 834 1759 ὅπερ...
860 1706 994 1756 λέγομεν
1007 1721 1015 1731 ·
1043 1707 1251 1744 intermedia
1269 1710 1357 1745 nihil
1376 1718 1429 1745 est

490 1763 626 1810 potius,
647 1776 752 1811 quam
779 1771 820 1799 ut
846 1763 928 1799 hinc
953 1762 1150 1811 abigantur.
1176 1766 1311 1801 Heus-r.
1334 1785 1381 1793 —
1407 1779 1427 1800 2

488 1817 686 1867 περιπαίζειν
701 1826 736 1853 et
751 1818 786 1853 δὲ
800 1817 836 1853 τὸ
852 1831 921 1853 om.
939 1820 995 1862 V.,
1008 1818 1070 1865 qui
1084 1818 1347 1868 περισφαιρίζειν.
1361 1821 1428 1855 Se·-

490 1872 609 1919 quitur
628 1872 666 1907 in
680 1871 758 1907 Ald.
773 1871 795 1916 ἢ
814 1870 891 1921 ὅπερ
907 1873 938 1907 ἐν
955 1873 995 1920 τῇ
1011 1871 1162 1921 συνηθείᾳ
1183 1870 1263 1922 ζυγᾲ
1287 1872 1309 1916 ἢ
1326 1872 1429 1920 ἄζυγα

487 1925 717 1973 λέγομαι-6
734 1924 813 1972 ζυγὰ
833 1924 916 1972 μονᾶ
931 1925 1036 1960 etiam
1057 1928 1143 1973 Reg.
1157 1925 1298 1973 μονζύγα
1318 1930 1428 1963 Dorv.

489 1979 586 2016 Conf.
596 1979 692 2016 Suid.
707 1980 743 2015 in
761 1978 915 2029 Περιττά.

539 2036 624 2079 817,
640 2046 682 2069 ιο
698 2032 1063 2080 Ἀποκαταμασσώμεθα
1076 2036 1121 2069 V.
1201 2032 1322 2083 σόμεθα
1337 2037 1430 2071 G.—

495 2097 507 2118 1
520 2097 532 2118 ι
550 2083 609 2127 τὴν
625 2081 730 2130 πυγήν
746 2094 817 2119 om.
830 2084 872 2118 G.
892 2081 1104 2130 σπογγίζομεν
1123 2085 1250 2127 ΒοΓν.,
1263 2083 1429 2120 omittens

489 2141 517 2175 oi
535 2137 775 2188 γὰρ-χέζουσι.
798 2159 848 2166 ·—-
872 2151 914 2173 12
938 2138 1229 2187 ἀποσπογγίζομεν.
1247 2138 1430 2176 Glossator

488 2195 732 2232 Brunckiauus
746 2196 873 2229 Ranar.
893 2199 963 2240 ¹¹9⁰
982 2193 1200 2243 ἀπεψησάμην
1220 2194 1352 2242 pariter
1369 2194 1428 2230 in-

492 2257 703 2297 terpretatur
718 2247 1022 2296 ἇπεσπογγισοίμην.
1038 2249 1141 2284 Cons.
1163 2256 1235 2283 not.
1260 2247 1305 2283 ad
1322 2253 1427 2297 Greg.

491 2307 574 2340 Cor.
595 2317 631 2352 p.
655 2309 759 2351 ¹049·
779 2305 959 2340 scamna.

538 2359 578 2392 81
588 2359 620 2393 8.
645 2358 840 2405 Descripsit
857 2358 924 2392 hoc
939 2357 1099 2392 scholion
1113 2358 1240 2393 Suidas
1255 2358 1290 2393 in
1306 2332 1441 2407 Empe--

488 2413 584 2456 δίοις,
610 2411 671 2447 sod
690 2411 813 2447 ordine
837 2413 980 2459 paulum
1003 2411 1164 2456 diverse,
1186 2425 1292 2460 quem
1309 2413 1429 2460 potio·-

490 2479 561 2502 rcm
584 2473 670 2513 puto
686 2479 694 2500 :
713 2463 987 2505 Γελοίως-,τοῖὂτό
1005 2466 1430 2516 φησιν-,διαίτης-εἴρηται

488 2521 522 2556 δὲ
535 2534 587 2555 σκ.
600 2517 844 2569 -ἐχρήσαντο·
865 2520 926 2567 οὐχ
943 2518 1053 2560 ἁπλῶς
1074 2518 1109 2556 δὲ
1129 2522 1428 2567 τοῦτο-ἀποματ-

487 2575 608 2621 τόμεθα
620 2588 627 2596 ·
645 2573 772 2621 μήποτε
787 2571 823 2608 δέ
835 2586 913 2623 φησι
926 2575 982 2609 τοῦ
998 2587 1052 2610 σκ.
1067 2572 1120 2620 τὸν
1136 2588 1167 2610 κ.
1177 2597 1216 2604 -
1227 2576 1270 2615 ὡς
1284 2575 1430 2615 κάκεῖνος

487 2627 615 2678 ,παρὰ
644 2627 704 2672 τὴν
732 2626 883 2663 ὑπόνοιαν
910 2626 1052 2676 εἰρηκώς.
1083 2629 1163 2666 Lin.
1195 2630 1238 2664 15
1265 2628 1430 2670 σαὸάνοις.

491 2684 641 2720 Hierocl.
663 2684 700 2718 in
728 2680 904 2730 Hippiatr.
928 2694 963 2730 p.
991 2683 1059 2718 235
1078 2696 1085 2718 :
1104 2683 1220 2720 λοῦσον
1243 2683 1295 2720 τὸν
1317 2681 1429 2727 ἵππον,

487 2739 542 2774 καὶ
555 2736 719 2785 ἀπόμαξον
733 2735 896 2776 σαὸάνοις.
910 2736 1140 2773 Theomnest.
1156 2750 1194 2785 p.
1211 2739 1279 2783 237
1292 2751 1303 2774 2
1315 2739 1428 2774 λοῦσον

486 2793 541 2829 καὶ
562 2790 725 2840 ἀπόμαξον
745 2789 897 2830 σαὸάνοις
912 2788 1066 2840 τραχέσιν
1081 2789 1130 2826 ὅτι
1149 2792 1293 2839 μάλιστα
1306 2806 1314 2814 ·
1332 2804 1425 2840 pan-

487 2860 550 2883 nos
576 2856 611 2883 et
640 2847 746 2882 lintea
774 2845 879 2880 vertit
896 2845 1074 2892 Vegetius.
1103 2845 1183 2881 vid.
1205 2846 1357 2882 Coteler.
1384 2846 1429 2882 ad

488 2911 606 2943 llcrm.
636 2909 728 2942 Past.
757 2903 818 2940 lib.
845 2904 865 2938 3
892 2903 1004 2940 Simil.
1025 2902 1070 2949 8,
1093 2903 1113 2950 §
1133 2908 1174 2949 4,
1191 2911 1227 2939 et
1243 2907 1318 2940 Jac.
1340 2905 1428 2942 Toll.

487 2962 529 2996 ad
561 2964 677 2997 Form.
705 2963 853 3005 Recept.
881 2957 1034 2993 Manich.
1062 2969 1099 3005 p.
1128 2959 1205 3003 176.
1230 2959 1321 2995 Hinc
1342 2960 1429 2995 oriri

487 3023 574 3063 puto
605 3027 735 3050 nomen
765 3012 851 3049 illud
885 3012 1032 3047 obvium
1064 3012 1101 3047 in
1134 3015 1276 3048 Gruter.
1318 3016 1427 3049 Inscr.

488 3083 523 3117 p.
541 3078 698 3115 cccxm,
718 3082 751 3104 n.
771 3069 812 3111 8,
828 3070 868 3104 L.
885 3066 1050 3103 Aurelius
1063 3067 1295 3111 Panniculum,
1315 3068 1377 3115 qui
1395 3076 1430 3104 et

489 3122 641 3158 sahanas
660 3137 668 3158 ε
696 3121 856 3162 &savae
875 3123 956 3156 Vox
973 3128 1092 3156 autem
1119 3120 1188 3156 late
1207 3120 1336 3156 diffusa
1357 3133 1429 3169 quo

491 3176 651 3224 pluribus
675 3177 712 3212 in
738 3176 868 3223 linguis
895 3176 1151 3224 frequentatur,
1181 3188 1224 3211 eo
1251 3175 1429 3212 difficilius

491 3230 582 3266 unde
609 3231 763 3278 primum
786 3231 978 3266 manaverit
1001 3230 1168 3278 indagare
1190 3230 1296 3266 licet:
1323 3231 1431 3266 inter-

490 3297 570 3335 pres
588 3283 703 3320 Arabs
718 3296 784 3331 pro
801 3283 894 3333 ὀθόνῃ
909 3286 1028 3332 posuit
1044 3284 1082 3320 in
1098 3288 1142 3322 A.
1159 3289 1197 3321 Α.
1216 3297 1271 3330 ιο,
1290 3297 1303 3319 ι
1316 3297 1346 3332 1,
1363 3298 1429 3333 pro

489 3339 621 3380 ὀθονίοις
661 3340 738 3374 MS.
774 3336 940 3374 Biblioth.
984 3339 1158 3388 Groning.
1193 3340 1230 3376 in
1275 3340 1427 3376 Johanu.

488 3400 624 3442 Evang.
655 3406 700 3441 9,
734 3396 790 3435 41.
828 3392 998 3430 Gothicus
1031 3391 1080 3429 ita
1112 3395 1267 3431 reddidit
1300 3393 1430 3431 σινδόνα

2349 440 2416 473 587

1483 512 1604 547 Mattlu.
1620 524 1679 557 27,
1695 512 1751 558 59,
1767 514 1820 547 Ex
1834 512 1967 547 Graecis
1980 512 2160 548 Clemente
2177 513 2418 552 Alexandrino

1482 566 1617 614 Paedag.
1635 578 1666 608 2,
1683 567 1720 609 3,
1737 577 1771 614 p.
1789 567 1870 609 161,
1881 569 1928 611 D,
1944 566 2003 602 vix
2018 566 2252 614 antiquiorem
2268 567 2421 617 dederis,

1483 619 1546 655 ubi
1566 619 1707 655 σάὸανον
1734 620 1944 656 inveniatur.
1972 622 2106 656 Hunsr.
2128 620 2292 663 σαὸανίοις
2309 625 2350 658 V.
2375 646 2422 652 --

1488 674 1530 708 16
1539 675 1580 710 τὰ
1595 673 1732 723 σκόροδα
1746 675 1789 710 Θ.
1803 673 1898 710 τοῦτό
1912 688 2008 723 φησιν
2023 674 2157 710 Suidas.
2170 675 2265 711 τοῦτό
2275 690 2371 726 φασιν
2383 682 2421 713 V.
2483 715 2490 721 ,

1482 732 1575 765 τοῦτο
1592 727 1679 776 λέγει
1698 728 1776 764 Ald.
1797 726 1847 763 ὅτι
1861 741 1932 764 om.
1946 731 1989 764 V.
2006 749 2053 756 —
2072 741 2110 773 17
2132 737 2210 776 post
2227 730 2350 775 διαίτης
2365 745 2423 768 se-

1483 790 1642 830 quuntur
1663 783 1698 818 in
1722 783 1766 818 Θ.
1795 789 1830 817 et
1859 782 1940 818 Ald.
1971 780 2313 833 μήποτε-εἰρημένον,
2345 799 2423 833 quae

1483 849 1576 873 nunc
1599 837 1715 884 posita
1738 837 1828 872 infra
1850 849 1931 872 cum
1948 840 1989 872 V.
2013 844 2050 872 et
2066 837 2186 873 Suida.
2203 838 2241 875 τὸ
2260 840 2422 890 σκόροδον,

1488 896 1530 931 18
1544 894 1615 937 ὄζον
1633 900 1689 939 V.,
1710 896 1772 943 qui
1795 909 1837 943 ¹9
1854 897 1941 945 λιμῷ
1955 895 2029 944 γὰρ.
2045 896 2123 932 Ald.
2144 905 2180 933 ct
2193 898 2320 934 Suidas
2330 900 2362 936 λ.
2377 898 2422 935 δὲ.

1483 969 1531 976 -
1549 962 1595 985 2ο
1613 948 1772 1001 σκορόδοις
1788 953 1830 986 V.
1851 963 1915 997 pro
1931 948 2063 990 τούτοις.
2082 970 2131 978 --
2149 964 2189 986 21
2210 949 2332 992 Ἄλλως
2351 966 2421 990 οηι.

1483 1004 1628 1049 Suidas,
1649 1005 1710 1052 qui
1730 1006 1792 1053 οὐχ
1807 1004 1918 1045 ἁπλῶς
1935 1004 1980 1040 δὲ.
1997 1025 2047 1035 -
2062 1011 2106 1048 24
2126 1004 2357 1056 ἀφοδεύσαντες
2369 1012 2424 1054 V.,

1484 1071 1527 1094 ex
1546 1071 1619 1106 quo
1647 1058 1806 1094 additum
1831 1056 1967 1100 Ἄλλως.
1989 1079 2038 1087 —-
2061 1059 2106 1094 25
2133 1059 2259 1107 μήποτε
2284 1060 2317 1098 δὲ
2343 1063 2423 1099 Ald.

1483 1120 1518 1149 et
1537 1114 1673 1150 Suidas.
1688 1112 1768 1162 λέγῃ
1788 1114 1832 1149 Θ.
1851 1111 1913 1163 γὰρ
1930 1117 1973 1149 V.
2001 1121 2036 1149 et
2050 1114 2248 1151 Suidasts
2274 1117 2353 1152 Ald.
2379 1138 2422 1145 —-

1485 1169 1530 1202 26
1556 1169 1598 1208 ὡς
1617 1169 1760 1208 κάκεῖνος
1777 1168 1887 1216 vulgo
1904 1168 2000 1215 apud
2022 1168 2177 1204 Suidam.
2204 1170 2273 1206 Sed
2291 1173 2335 1212 ὥς
2355 1184 2424 1208 om.

1483 1221 1563 1258 cod.
1584 1223 1682 1258 Paris
1699 1227 1786 1258 A.—
1802 1235 1846 1266 27
1864 1235 1896 1258 τι
1911 1234 1982 1257 om.
1998 1223 2043 1258 Θ.
2061 1223 2138 1273 παρ’
2154 1223 2304 1261 ὖπόνοιαν
2323 1228 2360 1261 V.
2378 1246 2422 1254 —-

1485 1277 1530 1312 28
1544 1275 1710 1326 εἰρημένον
1723 1278 1767 1314 Θ.
1786 1276 1867 1313 Ald.
1879 1274 2007 1326 φύλλοις
2021 1276 2181 1327 σκορόδων
2198 1279 2305 1315 Paris.
2319 1279 2423 1330 φύλλα

1483 1345 1527 1366 ων
1543 1331 1618 1379 (sic)
1642 1335 1751 1367 Dorv.

1534 1387 1625 1433 819,
1658 1387 1703 1421 3ο
1737 1398 1788 1433 sq.
1814 1383 1922 1434 εἴρηκε
1951 1383 2010 1428 τὴν
2048 1386 2217 1433 βουθυσίαν
2231 1413 2242 1431 ,
2277 1385 2331 1424 ἵνα
2364 1390 2425 1432 δη-

1483 1438 1573 1488 λώσῃ
1598 1442 1637 1476 V.
1667 1443 1754 1475 Cum
1780 1440 1904 1476 ceteris
1928 1441 2103 1476 consentit
2123 1440 2260 1478 Suidas.
2285 1454 2312 1478 s.
2341 1444 2426 1479 Βου-

1484 1495 1579 1529 θυτεῑ.
1608 1517 1645 1524 -
1670 1495 1712 1529 31
1742 1493 1838 1542 ὄγκον
1863 1495 1920 1537 τῆς
1945 1493 2055 1535 θυσίας
2081 1494 2135 1530 καὶ
2160 1495 2198 1531 τὸ
2223 1495 2344 1537 ἐντελὲς
2372 1501 2426 1533 τοῦ

1484 1547 1636 1595 μεγέθους
1649 1552 1690 1585 R.
1713 1572 1763 1580 ·--
1777 1549 1823 1584 32
1842 1548 1897 1592 ἣν,
1916 1548 2026 1598 φασὶν,
2044 1549 2092 1585 ἐκ.
2110 1551 2263 1586 καλοῦσιν
2281 1554 2337 1596 V.,
2355 1564 2425 1586 non

1483 1606 1526 1639 G.
1546 1601 1579 1638 δὲ
1600 1615 1669 1638 om.
1687 1604 1732 1640 Θ.
1758 1603 1795 1638 ἔκ
1816 1601 1888 1643 συὸς
1904 1606 1949 1640 R.
1970 1603 2013 1639 Θ.
2032 1610 2066 1638 et
2084 1604 2210 1640 Suidas
2226 1617 2255 1642 s.
2275 1604 2425 1655 Τριπύς.

1484 1678 1529 1684 -
1558 1659 1602 1693 33
1628 1657 1764 1708 ταύρου,
1789 1660 1880 1708 κριοῦ
1899 1659 1941 1693 R.
1961 1656 2093 1708 ταύρου,
2111 1657 2229 1708 τράγου
2255 1659 2311 1695 καὶ
2334 1662 2425 1709 κριοῦ

1483 1711 1563 1748 Ald.
1575 1714 1665 1763 κριοῦ
1679 1711 1736 1748 καὶ
1748 1710 1865 1761 τράγου
1880 1711 2017 1748 Suidas.
2036 1729 2050 1743 «ι
2063 1713 2171 1748 Paulo
2184 1714 2287 1749 aliter
2297 1713 2423 1762 τριττὺν

1483 1766 1527 1802 ab
1543 1767 1620 1803 aliis
1634 1767 1804 1815 explicari
1817 1765 1959 1801 docebit
1974 1768 2126 1813 Etymol.
2139 1768 2175 1803 in
2191 1780 2225 1805 v,
2240 1764 2423 1805 Vide‘nes.

1484 1820 1625 1857 Her-ald.
1640 1822 1775 1869 Digni,
1787 1834 1817 1856 c.
1830 1822 1885 1865 16,
1900 1834 1933 1869 p.
1947 1826 2045 1862 224.»
2055 1823 2192 1857 Hznsr.
2208 1826 2290 1858 Post
2299 1823 2423 1874 τριττύν

1482 1874 1619 1911 addunt
1636 1876 1680 1913 Θ.
1701 1875 1777 1914 ΑΙά.
1794 1874 1919 1925 τριττὺς
1938 1874 1971 1911 δὲ
1990 1875 2068 1926 παρ’
2092 1875 2267 1921 Ἀθηναίοις
2286 1880 2308 1921 ἡ
2324 1877 2357 1920 ἐξ
2374 1877 2426 1920 ὑὸς

1485 1929 1539 1974 (ἐκ
1562 1929 1635 1969 συὸς
1657 1929 1719 1977 Θ.)
1745 1927 1800 1964 καὶ
1824 1931 1913 1979 κριοῦ
1935 1928 1990 1964 καὶ
2009 1928 2128 1978 τράγου
2146 1929 2249 1966 θυσία.
2269 1952 2319 1959 -
2338 1933 2380 1976 37
2402 1932 2424 1977 ἢ

1483 1982 1595 2023 ἁπλῶς
1617 1981 1682 2018 θύει
1709 1995 1778 2018 om.
1803 1985 1913 2017 Dorv.
1939 1983 2095 2030 Regius:
2121 1985 2290 2020 Βουθυτεῖν
2310 1986 2426 2035 κυρίως

1483 2034 1519 2072 τὸ
1537 2038 1611 2084 βοῦν
1631 2035 1727 2072 θύειν.
1751 2034 1885 2072 ἐκάλουν
1906 2034 1940 2071 δὲ
1957 2035 2012 2072 καὶ
2029 2036 2065 2072 τὸ
2084 2038 2265 2078 πολυτελῶς
2283 2037 2366 2075 θύειν
2383 2041 2426 2081 ὡς

1483 2090 1547 2126 ἀπὸ
1564 2093 1620 2126 τοῦ
1636 2089 1829 2141 κυριωτέρου
1846 2089 1928 2131 ζώου
1951 2092 2008 2133 τῆς
2029 2090 2101 2138 βοὸς
2121 2092 2295 2139 βουθυτεῖν.
2316 2091 2375 2137 τὴν
2392 2093 2425 2130 δὲ

1483 2143 1710 2189 ἐντελεστάτην
1739 2143 1851 2180 θυσίαν
1876 2143 2060 2191 ἱκατόμὸην
2089 2144 2237 2186 ἐκάλουν,
2260 2145 2313 2182 διὰ
2327 2146 2366 2183 τὸ
2388 2148 2425 2184 ἐκ

1469 2200 1568 2249 ’βοῶν
1591 2198 1704 2236 ἑκατὸν
1721 2198 1743 2244 ἢ
1762 2198 1887 2247 βάσεων
1904 2197 2002 2246 ἤγουν
2024 2198 2151 2248 ποδῶν,
2169 2198 2316 2236 τουτέστι
2334 2200 2423 2243 ζώων

1483 2252 1540 2299 κε’,
1557 2253 1677 2298 ταύτην
1690 2254 1858 2291 τελεῖσθαι.

1534 2311 1617 2353 822,
1635 2309 1680 2351 46
1698 2308 1825 2349 πάντως
1841 2311 1882 2344 V.
1901 2307 2018 2349 παντὸς
2032 2309 2075 2345 Θ.
2091 2308 2172 2345 Ald.
2185 2307 2274 2359 φέρει
2286 2310 2330 2347 Β.
2351 2310 2424 2345 ἐπι-

1484 2362 1572 2414 φέρει
1596 2364 1655 2409 8.,
1683 2362 1861 2411 adscripto
1886 2363 1958 2398 ὑπο.
1980 2361 2079 2400 Idem
2100 2363 2233 2398 omittit
2263 2364 2423 2400 scholion

1483 2430 1519 2453 se
1548 2429 1644 2453 uens.

1522 2430 1602 2507 3325
1611 2498 1622 2517 ,
1640 2488 1660 2520 7
1676 2483 1727 2519 sq.
1743 2471 1793 2506 sic
1806 2470 1845 2505 in
1861 2472 1917 2514 V.,
1931 2463 2035 2510 Οὗτος
2054 2472 2071 2505 ὁ
2099 2468 2181 2519 ἀνὴρ
2206 2469 2326 2510 δίκαιος
2341 2472 2423 2521 πρό-

1484 2540 1574 2576 τερον
1595 2524 1694 2569 πένης
1710 2523 1755 2560 ὢν
1774 2524 1904 2573 ἔρχεται
1923 2523 2000 2574 πρὸς
2017 2523 2071 2559 τὸν
2089 2524 2255 2568 Πλοῦτον,
2274 2518 2301 2573 ᾧ
2316 2525 2422 2561 διαλέ-

1483 2594 1574 2628 γεται
1597 2582 1614 2616 ὁ
1645 2578 1871 2629 Raptum—8
1898 2589 1951 2625 sq.
1974 2575 1996 2620 ἢ
2022 2577 2147 2622 οἰκέτης
2175 2577 2231 2622 ἢὸ
2254 2578 2423 2627 Χρεμύλος

1484 2637 1526 2669 R.
1542 2633 1612 2678 Qui
1631 2633 1747 2681 pergit
1765 2630 1912 2676 δηλονότι
1928 2630 1999 2666 ἀντὶ
2016 2634 2072 2666 τοῦ
2094 2629 2286 2667 παντάπασι
2301 2631 2339 2668 τὸ
2364 2646 2422 2668 κο-

1485 2688 1562 2736 μιδῆ
1579 2689 1728 2737 ἐχρῶντο.
1745 2688 1790 2723 V.
1819 2687 1832 2735 (
1849 2693 1930 2734 post
1955 2686 2115 2722 scholion
2138 2698 2172 2721 v.
2196 2686 2294 2733 831.)
2324 2685 2361 2722 τὸ
2388 2685 2422 2722 δὲ

1483 2742 1601 2790 κομιδῆ
1617 2740 1688 2777 ἀντὶ
1704 2744 1761 2778 τοῦ
1781 2740 1987 2777 παντάπασιν
2004 2741 2160 2789 ἐχρῶντο,
2177 2752 2257 2787 quae
2273 2753 2343 2777 om.
2362 2742 2404 2778 Θ.

1534 2799 1617 2842 828,
1640 2810 1680 2842 17
1699 2797 1762 2847 γάρ
1778 2811 1841 2844 μου
1858 2795 1926 2833 ἐστί
1943 2800 1985 2833 R.

1533 2853 1618 2898 833,
1635 2851 1680 2887 28
1699 2851 1869 2896 ἀνήλωσας
1887 2853 1931 2887 R.
1947 2853 1990 2886 G.
2008 2848 2172 2893 ἀνήλωσεν
2184 2852 2227 2885 V.

1533 2907 1617 2952 838,
1638 2911 1678 2949 4¹
1695 2905 1750 2942 καὶ
1762 2918 1833 2943 om.
1844 2906 1888 2942 Θ.
1901 2909 2027 2953 Dorv.,
2040 2905 2077 2940 in
2091 2917 2164 2953 quo
2176 2903 2259 2940 ἀλλὰ
2274 2903 2422 2953 γινώσκω

1483 2959 1555 2996 λίαν
1574 2976 1589 2992 α
1604 2960 1730 2997 ordine
1747 2961 1928 2996 continuo.
1946 2958 2029 2995 Δίαν
2051 2958 2095 2995 ad
2113 2959 2229 3006 κομιδῆ
2247 2959 2400 3006 pertinet
2411 2986 2421 3002 ‚

1486 3022 1524 3050 ut
1546 3028 1590 3051 ex
1608 3014 1855 3063 superioribus
1873 3014 2095 3050 manifestum
2114 3021 2166 3048 est
2179 3027 2188 3056 ;
2201 3012 2245 3047 ad
2258 3006 2330 3047 οἶδα
2343 3024 2422 3048 ver-

1483 3067 1569 3104 bum
1586 3068 1754 3116 γινώσκοις
1768 3070 1902 3117 reliqua
1917 3067 2100 3104 sententia.-
2114 3065 2296 3114 explcndae
2313 3065 2422 3101 inser-

1483 3124 1584 3159 viunt
1603 3136 1611 3158 :
1631 3125 1667 3159 οὐ
1684 3122 1780 3170 μόνον
1797 3126 1899 3159 ταῦτα
1925 3121 1975 3169 (τὸ
1990 3119 2199 3170 ἐκτρέπεσθαί
2222 3133 2277 3162 σε,
2305 3117 2360 3155 καὶ
2386 3120 2421 3155 οὗ

1484 3178 1587 3213 δοκεῖν
1611 3179 1711 3227 ὁρᾶν)
1743 3178 1889 3221 ἐποίουν,
1921 3174 2006 3211 ἀλλὰ
2029 3174 2085 3210 καὶ
2113 3173 2293 3221 κατεγέλων
2322 3182 2388 3209 etc.
2404 3189 2420 3207 υ

1484 3234 1617 3268 Ηεκετ.

1532 3286 1604 3333 839
1621 3286 1669 3321 sic
1688 3286 1723 3321 in
1740 3288 1798 3326 R„
1815 3283 1852 3319 τὸ
1865 3277 1910 3319 ὧν
1929 3281 1998 3318 ἀντὶ
2013 3284 2069 3317 τοῦ
2086 3279 2137 3324 δή.
2164 3279 2234 3316 ἀντὶ
2253 3283 2308 3316 τοῦ
2323 3280 2418 3316 ἀπώ·

1482 3341 1733 3390 λεια-κριθῶν.
1755 3339 1792 3375 τὸ
1808 3336 2070 3382 ἑξῆς-ἐποίησε.
2088 3334 2213 3372 Suidas
2231 3347 2258 3371 s.
2276 3336 2420 3385 Αὖχμεῖς

1484 3396 1558 3432 liaec
1575 3402 1711 3430 tantum
1728 3392 1920 3440 excerpsit,
1939 3390 2010 3426 ἀντὶ
2028 3393 2084 3426 τοῦ
2108 3388 2257 3425 anexeo(
2278 3403 2319 3437 με
2335 3392 2354 3426 ὁ
2372 3389 2416 3426 ὧν
