2931 4012
489 421 558 454 20⁰

1205 405 1444 443 SCHOLIA
1470 405 1523 440 ΙΝ
1553 405 1746 442 PACEM.

489 499 566 535 &ow
581 496 640 546 ἔχῃ
658 495 719 540 τὴν
731 493 832 542 μέσην
847 493 986 537 ἠλικίαν,
1004 490 1102 538 ἀμνὸς
1119 490 1277 525 καλεῖται.
1296 490 1325 523 οἱ
1341 487 1373 523 δὲ
1391 487 1442 522 τὸν
1498 500 1544 535 αχ
1551 485 1683 524 θέντων.
1703 486 1831 536 cocus)
1848 487 1881 524 δὲ
1908 488 2109 537 σεσοὸημένη
2120 518 2130 537 ,
2150 491 2323 536 εὗκίνητος,
2351 492 2455 540 μετά-

487 548 743 598 &mommo-,Apa
761 547 861 595 ἀμνὸν
879 548 1045 582 καλοῦσιν.

535 629 595 653 ⁹39.
623 618 665 654 ὡς
686 612 779 649 πάνθ’
804 611 851 647 8ο)
874 611 911 646 ἂν
933 609 1001 649 θεὸς
1023 607 1098 656 θέλῃ
1125 620 1133 644 t
1157 607 1209 654 (Ὁ
1226 605 1322 655 χορὸς
1343 609 1445 641 ταῦτα

488 670 659 718 θαυμάζων
683 666 732 703 ὅτι
757 665 938 714 ηὖτύχησεν
963 666 980 699 ὃ
1001 662 1102 712 γέρων
1130 662 1200 697 καθ’
1228 660 1351 696 ἑαυτόν.
1376 654 1445 695 εἶτα

455 737 470 759 ιι
487 725 565 771 πρὸς
581 722 636 759 τὸν
651 719 835 769 πρεσὸύτην
853 717 930 768 φησὶ
948 716 984 752 τὸ
1000 716 1102 765 χωρεῖ
1117 713 1201 750 κατὰ
1215 717 1300 757 νοῦν,
1318 707 1388 749 εἶτα
1404 711 1446 748 τὰ

487 778 557 821 ἑξῆς
574 776 672 812 πάλιν
691 774 778 822 ἰδία.)
795 770 878 812 τινὲς
895 769 929 806 δὲ
945 768 1045 810 οὕτως
1063 786 1078 800 «ι
1095 767 1185 805 δπόσ*
1208 767 1247 803 ἂν
1266 767 1399 804 θέλωσιν
1417 769 1446 803 οἱ

488 830 568 874 θεοὶ,
587 829 642 865 καὶ
655 830 676 871 ἡ
692 827 775 876 τύχη
791 827 949 874 κατορθοῖ.
969 841 983 856 u

535 893 645 936 διπλῆ·
667 890 779 927 ἕπεται
803 887 866 937 γὰρ
892 888 1002 935 μέλος,
1027 887 1045 923 ὃ
1070 889 1196 923 ὑπονοῶ
1221 884 1280 934 μὲν
1304 884 1389 934 ἔχειν
1410 884 1446 920 τὸ

487 946 694 995 ἀντίστροφον
708 945 740 980 ἐν
756 942 894 992 διεχεία,
912 941 1040 992 φέρεται
1056 940 1089 977 δὲ
1102 943 1145 981 ὥς
1158 939 1317 990 διάφορον.
1335 938 1446 988 διόπερ

441 1010 471 1034 ιο
488 999 642 1051 πρότερον
656 996 887 1048 παραθήσομαι
904 998 948 1036 ὡς
961 994 1105 1046 φέρεται.
1121 994 1177 1030 καὶ
1195 993 1296 1030 ἔοικεν
1312 995 1447 1030 ἐνταῦθα

485 1054 523 1091 τὸ
544 1054 695 1103 κατορθοῖ
719 1048 916 1101 περιττεύειν
939 1049 995 1085 καὶ
1016 1051 1034 1085 ὁ
1053 1047 1089 1085 τέ
1111 1047 1286 1095 σύνδεσμος
1307 1046 1385 1096 πρὸς
1411 1045 1447 1081 τὸ

487 1126 503 1141 σι
521 1108 559 1145 σε’
574 1121 624 1144 τοι
638 1105 752 1156 θύρασι
765 1103 830 1154 χρὴ
848 1103 953 1152 μένειν
971 1103 1064 1144 ὄντας
1077 1101 1176 1144 τινάς.
1196 1119 1211 1134 1»
1226 1100 1282 1137 καὶ
1300 1103 1395 1136 τοῦτο
1414 1098 1448 1135 δὲ

487 1160 667 1212 ἁμάρτημά
688 1161 785 1203 ἐστιν,
803 1157 852 1194 ὅτι
869 1160 984 1208 πρῶτα
998 1157 1028 1205 γ’
1045 1157 1137 1193 κῶλά
1160 1157 1229 1192 ἐστι
1250 1155 1305 1191 καὶ
1330 1157 1390 1202 μετ
1417 1168 1447 1195 ς.

488 1215 571 1253 ἀλλὰ
585 1218 687 1252 ταῦτα
699 1213 757 1263 μὲν
766 1212 887 1257 ἐατέον,
899 1214 941 1253 ὡς
953 1210 987 1248 δὲ
999 1211 1068 1260 ἔχει
1076 1239 1085 1255 ,
1102 1209 1282 1258 ἐξηγητέον.
1294 1207 1331 1244 τὸ
1345 1207 1448 1244 τοίνυν

439 1286 470 1310 15
485 1272 612 1321 πρῶτον
626 1272 691 1306 τῶν
707 1270 802 1318 τριῶν
817 1267 930 1303 κώλων
944 1269 1000 1302 τοῦ
1016 1268 1187 1313 ὑποκριτοῦ
1202 1262 1320 1311 ἴαμὸος
1333 1261 1448 1312 τετρά-

488 1339 601 1374 μετρος
627 1321 863 1366 καταληκτικὸς
890 1320 947 1356 καὶ
984 1317 1202 1355 ἄναπαιστικὰ
1231 1316 1287 1353 δύο
1316 1316 1449 1365 δίμετρα

490 1376 714 1422 ἀκατάληκτόν
742 1391 777 1412 τε
807 1376 862 1412 καὶ
892 1373 1139 1418 καταληκτικόν.
1169 1367 1238 1408 εἶτα
1270 1373 1302 1407 ἐν
1330 1369 1450 1407 ἐκθέσει

489 1431 598 1481 στίχος
610 1430 760 1479 ἷαμὸικὸς
773 1425 986 1479 τετράμετρος
999 1426 1233 1471 καταληκτὶκὸς
1247 1429 1303 1462 τοῦ
1319 1427 1450 1474 ὓποκρι-

488 1490 544 1523 τοῦ
558 1485 615 1522 καὶ
628 1487 661 1521 ἐν
677 1483 810 1520 εἷσθέσει
825 1487 881 1519 τοῦ
895 1486 992 1533 χοροῦ
1006 1510 1016 1529 ,
1030 1476 1067 1517 οἷ
1081 1482 1118 1517 τὸ
1132 1483 1259 1530 πρῶτον
1277 1478 1452 1529 προσοδια-

442 1553 477 1583 20
491 1540 545 1577 κὸν
562 1539 790 1586 ἑνδεκάσημον,
804 1537 841 1574 τὸ
862 1538 890 1583 β’
910 1535 1143 1572 ἀναπαιστικὸν
1156 1534 1300 1585 τρίπουν,
1317 1533 1354 1569 τὸ
1371 1532 1404 1569 δὲ
1419 1529 1451 1581 γ’

491 1593 643 1642 ἰαμὸικὸν
669 1590 903 1643 ἐφθημιμερὲς,
919 1590 956 1626 τὸ
988 1589 1022 1626 δὲ
1049 1590 1076 1626 δ’
1095 1589 1229 1638 σύζυγον
1253 1587 1406 1635 ἷαμόικὸν
1430 1586 1451 1631 ἢ

492 1645 735 1691 ἀναπαιστικὸν,
754 1645 790 1681 τὸ
811 1644 845 1681 δὲ
869 1645 893 1679 ε’
910 1642 1061 1692 ἷαμὸικὸν
1086 1641 1313 1693 ἑφθημιμερές.
1333 1636 1403 1677 εἶτα
1420 1642 1453 1677 ἐν
1478 1639 1479 1648 ’

492 1701 613 1738 ἐκθέσει
629 1704 684 1736 τοῦ
702 1702 874 1748 ὑποκριτοῦ
893 1698 1028 1747 δίστιχοι
1045 1696 1160 1744 ἴαμὸοι
1177 1697 1320 1746 δίμετροι
1347 1709 1453 1732 κατα-

491 1754 648 1799 ληκτικοί.
666 1754 721 1790 καὶ
737 1755 768 1790 ἐν
788 1752 922 1789 εἷσθέσει
940 1757 995 1790 τοῦ
1010 1754 1109 1801 χοροῦ
1127 1750 1158 1793 ἓξ
1177 1751 1286 1795 κῶλα,
1304 1745 1349 1786 ὧν
1366 1749 1403 1785 τὸ
1421 1749 1452 1785 α’

442 1826 474 1850 25
491 1809 643 1858 ἷαμὸικὸν
658 1808 805 1858 δίμετρον
821 1806 1060 1851 ἀκατάληκτον,
1076 1805 1113 1841 τὸ
1129 1805 1158 1854 β’
1176 1804 1208 1847 ἐξ
1222 1803 1377 1851 ῖαμὸικῆς
1394 1802 1453 1852 βά-

492 1878 571 1905 σεως
588 1863 643 1900 καὶ
658 1864 837 1913 τροχαϊκῆς
853 1861 1106 1904 καταληκτικῆς.
1124 1858 1162 1895 τὸ
1179 1859 1208 1906 γ’
1233 1857 1384 1905 ἰαμὸικὸν
1403 1856 1452 1892 δί-

494 1932 608 1967 μετρον
624 1915 861 1960 ἄκατάληκτον.
876 1914 913 1951 τὸ
930 1915 958 1957 ς’
978 1912 1122 1951 Ἰωνικὸν
1140 1911 1300 1960 ἡμιόλιον.
1319 1918 1356 1947 V.

540 1995 601 2020 940.
627 1981 733 2023 ἄλλως
755 1981 845 2031 ἄλλῳ
868 1979 954 2017 κατὰ
975 1978 1079 2028 τύχην
1101 1976 1272 2014 ἀποὸαίνει
1296 1975 1339 2013 τὰ
1365 1976 1453 2026 πρά-

491 2051 612 2087 γματα.
630 2044 668 2073 V.

443 2113 476 2138 σο
541 2109 600 2134 941.
618 2095 740 2133 τούτων
754 2108 763 2133 :
776 2094 899 2143 Ἤγουν
910 2095 974 2130 τῶν
986 2094 1142 2141 εὔτυχιῶν
1153 2090 1175 2136 ἢ
1188 2093 1251 2127 τῶν
1264 2090 1452 2141 ἀνθρώπων.

499 2158 577 2187 Vst'.

540 2221 600 2245 9⁴2.
628 2211 672 2249 ὡς
699 2210 803 2244 ταῦτα
828 2206 912 2250 δῆλά
936 2206 967 2253 γ’
993 2204 1079 2241 ἔστιν
1104 2216 1113 2241 :
1142 2204 1220 2241 Ἀπὸ
1245 2203 1367 2240 τούτων
1391 2203 1453 2252 γὰρ

492 2261 674 2307 κατάδηλόν
685 2262 784 2305 ἐστιν,
798 2259 829 2296 εἴ
841 2274 878 2308 γε
890 2259 954 2309 χρὴ
969 2258 1192 2308 τεκμήρασθαι
1209 2259 1274 2299 τοῖς
1284 2262 1452 2307 παροῦσιν.

490 2316 529 2353 τὸ
544 2315 579 2353 δὲ
597 2314 728 2367 θύρασιν
745 2313 817 2350 ἀντὶ
832 2317 888 2349 τοῦ
907 2313 940 2355 ἐξ
957 2312 1098 2358 ἑτοίμου.

442 2398 475 2422 35
540 2393 601 2418 943.
628 2378 771 2428 ἐπείγετε
793 2390 803 2416 :
825 2377 897 2428 [Tan
921 2380 1053 2413 τοιαῦτα
1071 2375 1140 2420 εἴδη
1163 2376 1311 2412 καλεῖται
1328 2368 1455 2413 ἀλλοιό-

491 2448 625 2485 στροφα.
642 2433 702 2470 εἶσὶ
720 2436 796 2482 γοῦν
813 2435 872 2476 τῆς
886 2430 943 2479 μὲν
961 2429 1094 2480 πρώτης
1110 2431 1251 2479 στροφῆς
1266 2430 1356 2465 κῶλα
1374 2430 1454 2465 ἀνα-

491 2488 648 2525 παιστικὰ
665 2487 741 2525 δέκα
759 2484 998 2535 ἐπιμεμιγμένα
1019 2483 1362 2534 προκελευσματικοῖς,
1379 2482 1454 2519 τού-

490 2557 554 2578 των
571 2542 600 2578 δ’
615 2541 637 2578 ἃ
651 2540 711 2590 μὲν
727 2539 862 2591 δίμετρά
879 2541 959 2576 εἰσιν
978 2537 1210 2584 ἀκατάληκτα,
1232 2536 1254 2572 ἃ
1271 2538 1299 2573 δ’
1317 2539 1453 2587 ἑφθημι-

492 2599 573 2646 μερῆ
596 2595 652 2632 καὶ
679 2594 807 2644 βάσεις,
833 2592 916 2641 μετὰ
940 2592 975 2629 δὲ
994 2595 1098 2629 ταῦτα
1121 2591 1256 2639 ἷαμὸεῖα
1280 2591 1320 2634 ζ’.
1345 2594 1404 2636 τῆς
1420 2591 1454 2628 δὲ

442 2665 474 2688 ιο
491 2649 639 2699 δευτέρας
663 2652 802 2699 στροφῆς
825 2648 866 2684 τὰ
890 2649 980 2684 κῶλα
1005 2645 1096 2696 τρία,
1122 2641 1166 2682 ὧν
1189 2645 1226 2682 τὸ
1244 2645 1303 2693 μὲν
1325 2648 1454 2693 πρῶτον

491 2702 653 2750 ῖαμὸεῖον,
668 2703 710 2738 τὰ
722 2703 749 2739 δ’
765 2702 848 2738 ἄλλα
864 2699 1099 2744 ἀναπαιστικόι,
1116 2698 1251 2750 δίμετρα
1265 2698 1324 2747 μὲν
1338 2699 1453 2750 ἄμφω,

490 2755 528 2792 τὸ
543 2755 577 2792 δέ
592 2769 642 2791 τοι
658 2754 802 2805 δεύτερον
817 2753 1068 2799 καταληκτικόν.
1086 2755 1104 2789 ὁ
1121 2752 1191 2797 ἑξῆς
1207 2757 1263 2789 τοῦ
1281 2755 1453 2804 ὑποκριτοῦ

492 2809 602 2859 στίχος
615 2808 766 2857 ἰαμὸικὸς
783 2807 998 2859 τετράμετρος
1012 2805 1261 2851 καταληκτικός.
1275 2809 1333 2850 τῆς
1345 2806 1455 2856 τρίτης

493 2865 631 2914 στροφῆς
647 2861 689 2899 τὰ
704 2864 795 2899 κῶλα
817 2860 1036 2898 ἀναπαιστικὰ
1051 2860 1194 2907 τέσσαρα
1210 2859 1296 2904 πλὴν
1319 2864 1376 2896 τοῦ
1397 2875 1453 2897 τε-

443 2933 475 2956 ⁴5
492 2917 640 2955 λευταίου
654 2915 875 2961 ἀκατάληκτα.
888 2918 918 2952 οἱ
933 2914 1003 2959 ἑξῆς
1017 2909 1106 2956 αὖθις
1119 2917 1173 2950 τοῦ
1189 2916 1362 2964 ὑποκριτοῦ
1377 2916 1454 2963 ἰαμ-

496 2972 580 3009 6ικοὶ
594 2971 801 3023 τετράμετροι
813 2968 1057 3014 καταληκτικοί.
1072 2971 1131 3012 τῆς
1145 2967 1180 3004 δὲ
1192 2967 1348 3018 τετάρτης
1360 2983 1453 3018 στρο-

496 3031 556 3078 φῆς
577 3026 618 3063 τὰ
639 3026 730 3064 κῶλα
748 3025 876 3063 Ἰωνικὰ
894 3023 959 3060 ἀπὸ
982 3022 1123 3071 μείζονος
1145 3028 1191 3067 ς’,
1214 3021 1454 3070 ἐπιμεμιγμένα

494 3081 616 3119 παίωσι
633 3080 689 3117 καὶ
705 3080 886 3131 κρητικοῖς,
904 3077 1114 3121 ἀκατάληκτα
1130 3075 1216 3121 πλὴν
1232 3079 1289 3112 τοῦ
1304 3075 1453 3123 πέμπτου

496 3138 735 3180 καταληκτικοῦ
750 3133 806 3171 καὶ
819 3137 873 3170 τοῦ
892 3131 920 3175 ς’
942 3130 1100 3180 ἡμιολίου.
1116 3132 1169 3181 ὕφ’
1183 3130 1200 3166 ὃ
1216 3132 1250 3166 αἱ
1267 3129 1456 3180 ἀμφοτέρω-

449 3211 481 3234 51»
498 3193 550 3227 θεν
565 3190 625 3232 ἔξω
642 3191 766 3227 διπλαῖ.
787 3188 981 3225 τιθέσθωσαν
1000 3185 1033 3222 δὲ
1052 3187 1110 3221 κάν
1128 3186 1197 3226 ταῖς
1214 3184 1403 3221 ἀποθέσεσιν
1420 3187 1454 3221 αἱ

499 3244 733 3294 παρέγραψα]
750 3245 782 3279 ἐν
800 3242 865 3293 ὅσῳ
883 3241 990 3293 φησὶν,
1007 3242 1043 3276 ἐκ
1060 3241 1123 3276 τῶν
1141 3241 1220 3276 θεῶν
1240 3238 1281 3275 τὰ
1299 3238 1383 3275 κατὰ
1401 3239 1454 3275 τὸν

498 3297 639 3346 πόλεμον
649 3297 841 3334 ἐκπέπνευκε
851 3297 907 3334 καὶ
917 3294 1113 3346 λελώφηκεν,
1123 3293 1355 3341 σπουδάσωμεν
1368 3293 1456 3343 ἱδρύ-

500 3354 619 3388 σασθαι
636 3351 694 3395 τὴν
711 3351 872 3401 Θεωρίαν,
887 3353 951 3387 τῶν
964 3352 1021 3395 τῆς
1037 3347 1164 3399 εἰρήνης
1180 3349 1307 3396 ἀγαθῶν
1324 3348 1451 3384 ἀντεισ-
1480 3374 1485 3388 .

1497 554 1611 590 τροπος
1627 540 1659 576 δὲ
1677 540 1747 577 ἀντὶ
1764 545 1819 577 τοῦ
1838 540 1989 593 εὔκρατος
2005 544 2258 590 μεταὸληθεῖσα.

1547 607 1605 631 944.
1632 594 1762 645 κατέχει
1778 595 1819 632 τὰ
1835 597 1978 646 ἡμέτερα
1995 597 2185 646 πράγματα.
2200 605 2235 633 R.
2254 606 2291 634 V.

1546 662 1606 687 9⁴⁶.
1634 649 1704 686 ἀντὶ
1720 654 1775 686 τοῦ
1791 654 1811 695 ἡ
1827 651 1962 700 Εἰρήνη.
1982 659 2017 688 R.

1546 716 1607 741 943.
1633 704 1710 745 ὀλὰς
1729 717 1738 742 z
1759 704 1839 749 ’Ὁτι
1855 704 2031 756 ἐκέκρυπτο
2046 707 2079 742 ἐν
2098 708 2145 756 τῷ
2163 709 2251 757 κοινῷ
2267 711 2287 751 ἡ
2311 707 2458 757 μάᾸαιρα
2475 720 2492 743 ιι

1497 760 1568 799 ταῖς
1581 758 1668 800 ὀλαῖς
1682 758 1738 794 καὶ
1751 759 1815 800 τοῖς
1830 758 2006 807 στέμμασι.
2023 759 2078 796 καὶ
2093 762 2234 797 ἐντεῦθεν
2252 765 2379 804 κανοῦν,
2395 761 2460 797 ἀπὸ

1497 816 1554 849 τοῦ
1571 811 1702 850 καίνειν.
1724 812 1864 850 Πλάτων
1883 813 2054 864 Παιδαρίῳ
2073 832 2087 846 α
2105 815 2178 865 φέρε
2198 817 2282 852 τοῦτ’
2303 815 2374 863 ἐμοὶ
2392 817 2460 852 δεῖ·

1500 884 1515 899 α
1529 867 1579 909 ξον
1593 867 1629 904 τὸ
1643 871 1760 904 κανοῦν
1775 882 1830 916 μοι
1846 869 1950 919 δεῦρο·
1966 868 2011 917 μὴ
2028 869 2163 919 μάχαιρ’
2178 869 2235 906 ἔνι.
2253 887 2267 901 υ
2286 892 2333 898 -
2382 868 2460 907 Ἄλ-

1498 922 1574 962 λως·
1591 920 1721 958 εἰώθασι
1743 921 1805 972 γὰρ
1828 922 1882 959 ἐπὶ
1900 922 1935 959 τὸ
1952 927 2068 959 κανοῦν
2088 922 2146 967 τὴν
2168 924 2335 975 μάχαιραν
2354 923 2460 975 φέρειν

1499 974 1774 1025 κατακρύπτοντες
1793 975 1893 1021 αὖτὴν
1910 982 1981 1019 ταῖς
1997 978 2086 1018 ὄλαῑς
2103 977 2158 1013 καὶ
2174 979 2239 1019 τοῖς
2262 977 2458 1027 στέμμασιν.
2482 993 2512 1016 ιο

1499 1036 1574 1065 Ven.

1549 1095 1609 1120 951.
1636 1085 1752 1134 Χαῖρις
1771 1097 1781 1121 :
1805 1086 1881 1122 Τῶν
1904 1084 1978 1135 περὶ
2000 1084 2057 1126 τὰς
2083 1085 2191 1127 θυσίας
2213 1086 2362 1129 αὐλητῶν
2384 1080 2423 1130 ἦν
2446 1087 2464 1121 ὁ

1500 1138 1629 1187 Χαῖρις.
1647 1132 1687 1181 ἧν
1703 1137 1737 1174 δὲ
1752 1138 1809 1175 καὶ
1825 1138 1931 1188 ἕτερος
1945 1138 2133 1189 κιθαρῳδός.

1549 1204 1611 1229 ⁹⁶⁶.
1631 1190 1715 1228 οὕτω
1728 1191 1787 1236 τὴν
1801 1191 1938 1243 χέρνιὸα
1954 1194 2076 1241 μᾶλλον
2090 1192 2364 1243 προπαροξυντέον
2379 1193 2464 1229 κατὰ

1500 1245 1560 1290 τὴν
1579 1245 1765 1295 ἀναλογίαν.
1781 1248 1812 1283 οἱ
1830 1245 1863 1282 δὲ
1879 1246 2016 1283 Ἀττικοὶ
2032 1247 2261 1297 παροξύνουσιν
2278 1249 2320 1289 ὡς
2339 1250 2372 1283 ἐν
2386 1261 2464 1296 τρα-
2483 1260 2514 1283 ιτ,

1502 1299 1603 1350 γῳδίᾳ
1620 1300 1677 1337 καὶ
1694 1300 1861 1351 κωμῳδίᾳ.
1880 1300 1935 1337 δύο
1952 1302 2065 1337 διπλαῖ
2079 1300 2136 1337 καὶ
2159 1303 2191 1337 ἐν
2216 1301 2337 1338 ἐκθέσει
2360 1302 2465 1350 στίχοι

1504 1352 1651 1402 ἶαμόικοὶ
1666 1353 1830 1404 τρίμετροι
1852 1354 2073 1398 ἄκατάληκτοι
2092 1354 2140 1397 ιζ’.
2159 1361 2196 1390 V.

1553 1421 1612 1446 957.
1630 1407 1747 1458 περίιθι
1766 1420 1774 1445 :
1792 1410 1899 1445 Τοῦτο
1912 1410 2038 1458 πρῶτον
2052 1408 2178 1445 ἐποίουν
2194 1409 2398 1459 καθαίροντες
2412 1409 2465 1446 τὸν

1506 1461 1628 1511 βωμόν.

1553 1529 1613 1553 ⁹59.
1641 1516 1724 1553 οὕτω
1748 1515 1801 1553 διὰ
1824 1519 1879 1553 τοῦ
1901 1517 1923 1552 λ
1939 1518 1957 1552 ὁ
1977 1516 2036 1560 τὴν
2062 1517 2210 1564 κωμικὴν
2236 1518 2362 1568 γράψας
2384 1518 2467 1561 λέξιν
2484 1534 2518 1558 20

1505 1569 1729 1618 ἀναγινώσκει.
1747 1577 1785 1605 V.

1553 1623 1590 1660 τὸ
1608 1622 1717 1660 δαλίον
1734 1636 1744 1661 :
1762 1623 1812 1661 Τὸ
1829 1622 1914 1673 ὕδωρ
1930 1623 2056 1660 ἐδόκουν
2074 1623 2238 1674 καθαίρειν
2257 1625 2468 1662 ἀποὸάπτον-

1505 1676 1556 1719 τίς
1571 1691 1604 1713 τι
1625 1680 1680 1713 τοῦ
1701 1675 1811 1727 πυρός·
1829 1677 2022 1727 καθαρτικὸν
2039 1677 2101 1727 γὰρ
2117 1677 2247 1714 πάντων
2272 1678 2308 1714 τὸ
2326 1682 2401 1728 πῦρ,
2425 1683 2469 1720 ὡς

1507 1731 1684 1781 Εὐριπίδης
1698 1730 1854 1780 Ἡρακλεῖ
1871 1731 1950 1780 [⁹28]
1967 1748 1980 1763 κ
2000 1731 2128 1779 μέλλων
2147 1732 2179 1768 δὲ
2199 1732 2295 1768 δαλὸν
2313 1734 2398 1782 χειρὶ
2415 1735 2469 1769 δε-

1507 1802 1522 1818 οι
1540 1784 1591 1835 ξιᾷ
1611 1784 1733 1835 φέρειν,
1751 1785 1804 1821 ἐπὶ
1827 1784 1949 1835 χέρνι6’
1969 1786 2022 1831 (ὡς
2043 1785 2185 1835 βάψειεν)
2204 1786 2387 1834 Ἀλκμήνης
2412 1788 2467 1824 τό-
2487 1808 2519 1832 25

1507 1857 1522 1872 α
1540 1853 1606 1881 κος.
1632 1855 1647 1871 ¹>
1664 1838 1713 1875 διὸ
1731 1838 1788 1875 καὶ
1806 1840 1842 1875 οὔ
1859 1839 2031 1889 γραπτέον,
2049 1838 2092 1881 ὥς
2107 1854 2204 1884 τινες,
2226 1841 2342 1889 δαδίον·
2360 1842 2468 1877 ἱκανὸν

1506 1892 1569 1944 γὰρ
1585 1887 1622 1929 τὸ
1638 1893 1814 1943 Εὐριπίδου
1830 1894 1873 1934 εἰς
1889 1893 2010 1931 πίστιν.

1555 1959 1614 1984 9⁶0.
1639 1946 1718 1998 πρὸς
1734 1946 1771 1984 τὸ
1786 1947 1898 1996 ἱερεῖον
1913 1946 2011 1996 λέγει.
2028 1947 2223 1990 ἐσπούδαζον
2238 1946 2301 1998 γὰρ
2317 1950 2469 1985 ἐπισπέν-

1507 2002 1614 2043 δοντες
1626 2000 1681 2038 ἵνα
1698 2001 1791 2052 σείσῃ
1809 2000 1869 2046 τὴν
1885 2000 2029 2050 κεφαλὴν
2047 2002 2105 2038 καὶ
2121 2002 2276 2039 ἐπινεύειν
2291 2004 2357 2044 τοῖς
2376 2006 2470 2053 ἱεροῖς

1507 2057 1597 2105 δοκῇ.
1615 2063 1652 2093 R.
1672 2063 1709 2091 V.
2486 2076 2520 2100 ³0

1554 2122 1614 2148 σω.
1640 2109 1711 2147 δέον
1725 2111 1826 2146 εἰπεῖν
1841 2126 1856 2143 α
1874 2112 1965 2160 ῥῖπτε
1979 2112 2043 2146 τῶν
2058 2110 2142 2146 ὅλων
2155 2114 2285 2161 κριθῶν,
2301 2129 2316 2143 υ
2331 2115 2385 2148 νῦν
2398 2107 2469 2149 εἶπε

1506 2165 1650 2212 γενικῶς.
1669 2162 1742 2200 ὀλαὶ
1759 2162 1820 2214 γὰρ
1835 2165 1869 2200 αῖ
1885 2163 1965 2213 πρὸς
1982 2163 2092 2200 θυσίαν
2114 2164 2232 2214 κριθαί.
2250 2177 2287 2204 v.

1511 2214 1532 2263 Ἰ
1554 2230 1616 2256 κο.
1643 2218 1723 2269 πρὸς
1737 2217 1797 2263 τὴν
1813 2217 1925 2268 κριθὴν
1939 2218 2068 2266 παίζει,
2084 2218 2133 2255 ὅτι
2146 2218 2183 2255 τὸ
2196 2222 2260 2256 τῶν
2278 2221 2399 2270 ἀνδρῶν
2419 2223 2469 2256 αἶ-

1506 2272 1589 2309 δοῖον
1612 2271 1724 2323 κριθὴν
1745 2272 1866 2321 ἔλεγον,
1881 2271 1919 2308 τὸ
1938 2272 1972 2309 δὲ
1994 2273 2173 2320 γυναικεῖον
2193 2273 2322 2323 βύρσον.
2341 2295 2387 2302 -
2406 2290 2470 2311 κα-

1505 2326 1677 2376 κεμφοίτως
1691 2327 1729 2363 τὸ
1745 2326 1831 2368 πέος.
1848 2333 1885 2363 R.
2487 2344 2519 2368 35

1554 2393 1613 2418 ωε.
1637 2381 1715 2430 τῇδε
1733 2392 1743 2418 z
1770 2379 1967 2426 Σπένδοντες
1987 2380 2050 2430 γὰρ
2070 2379 2190 2428 ἔλεγον,
2210 2380 2259 2423 τίς
2281 2383 2375 2431 τῇδε,
2399 2384 2469 2419 ἀντὶ

1505 2437 1562 2470 τοῦ
1573 2462 1582 2479 ,
1596 2432 1644 2475 τίς
1658 2433 1826 2483 πάρεστιν.
1843 2427 1913 2470 εἶτα
1930 2435 1959 2469 οἱ
1971 2432 2127 2482 παρόντες
2141 2434 2385 2484 εὖφημιζόμενοι
2400 2436 2469 2472 ἔλε-

1505 2502 1574 2535 γον,
1585 2487 1699 2524 πολλοὶ
1711 2488 1858 2537 κάγαθοί.
1900 2514 1903 2516 -
1927 2490 2021 2524 τοῦτο
2036 2486 2070 2525 δὲ
2084 2487 2210 2524 ἐποίουν
2225 2490 2254 2524 οἱ
2268 2489 2469 2535 σπένδοντες,

1505 2540 1557 2577 ἵνα
1587 2543 1616 2577 οἱ
1646 2540 1820 2583 συνειδότες
1846 2556 1877 2577 τι
1906 2544 2030 2583 ἑαυτοῖς
2057 2541 2177 2578 ἄτοπον
2206 2543 2377 2593 ἐκχωροῒεν
2406 2546 2468 2580 τῶν

1506 2596 1662 2633 σπονδῶν.
1678 2607 1713 2636 R.
1729 2608 1767 2636 V.
1785 2596 1823 2632 τὸ
1841 2594 1875 2632 δὲ
1890 2599 1954 2632 ποῦ
1969 2594 2049 2632 ποτὲ
2066 2594 2136 2632 ἔστι
2152 2594 2240 2644 λέγει
2257 2597 2290 2633 ἐν
2306 2597 2387 2641 ἤθει.
2405 2601 2468 2634 ποῦ
2486 2612 2518 2636 ⁴0

1506 2649 1585 2686 εἰσὶν
1603 2651 1631 2686 οἳ
1650 2651 1900 2699 ἐπιφωνοῦντες,
1914 2649 1967 2686 ἵνα
1984 2651 2072 2700 αὐτῷ
2086 2649 2264 2698 ἐπιλέγοιεν
2278 2654 2429 2692 πιθανῶς.
2445 2651 2467 2696 ἢ

1505 2702 1700 2751 ὣςμηδενὸς
1717 2702 1806 2744 ὄντος
1822 2705 1923 2740 καλοῦ
1938 2705 2094 2752 κάγαθοῦ.
2111 2706 2149 2738 V.

1554 2769 1616 2794 ⁹6⁹.
1640 2755 1742 2794 τοισδὶ
1764 2768 1773 2793 :
1793 2758 1871 2798 Τοῖς
1891 2758 2068 2807 χορευταῖς.
2094 2760 2234 2807 καταχεῖ
2254 2757 2288 2794 δὲ
2309 2758 2413 2795 αὐτῶν
2431 2758 2469 2796 τὸ

1506 2809 1591 2859 ὕδωρ
1608 2810 1662 2846 ἐπὶ
1675 2808 1792 2858 γέλωτι
1809 2810 1865 2846 καὶ
1882 2810 1984 2846 οὐδενὶ
2001 2809 2111 2860 ἑτέρῳ.
2203 2825 2218 2839 ·
2314 2840 2319 2845 .

1554 2875 1615 2901 ⁹7⁴.
1632 2864 1729 2907 διπλῆ
1743 2863 1799 2899 καὶ
1810 2862 1944 2906 ε’ίσθεσις
1961 2865 2004 2906 εἷς
2020 2864 2229 2911 ἀνάπαιστον,
2242 2866 2383 2917 περίοδοι
2398 2866 2465 2912 δύο,
2483 2884 2516 2909 ⁴⁵

1505 2917 1565 2962 τὴν
1583 2916 1642 2964 μὲν
1659 2917 2103 2968 πεντεκαιτριακοντᾶμετρον
2124 2921 2161 2956 ιθ’
2179 2919 2306 2965 κώλων,
2324 2919 2372 2956 ὅτι
2399 2921 2466 2969 ἔχει

1507 2970 1689 3021 μονόμετρα
1707 2974 1752 3018 γ’,
1769 2970 1806 3006 τό
1824 2985 1860 3006 τε
1879 2972 1908 3020 β’
1928 2971 1984 3007 καὶ
2005 2971 2054 3016 ιά,
2073 2973 2129 3008 καὶ
2147 2973 2204 3018 ις’,
2223 2973 2282 3018 τὴν
2300 2973 2333 3010 δὲ
2357 2973 2465 3016 ἑξκαι-

1505 3023 1864 3075 τεσσαρακοντάμετρον
1893 3025 1941 3075 κγ’
1967 3025 2093 3072 κώλων,
2119 3026 2167 3064 ὅτι
2192 3027 2259 3077 ἔχει
2283 3028 2465 3079 μονόμετρα

1505 3078 1592 3129 τρία.
1612 3086 1650 3114 V.

1554 3146 1613 3169 νει.
1639 3132 1879 3183 παρακλίνασαι
1895 3146 1904 3171 z
1921 3133 2175 3184 Παρανοίξασαι.
2189 3135 2339 3185 Ὅμηρος
2358 3141 2406 3180 [11.
2422 3143 2464 3180 Θ,
2483 3154 2516 3177 50

1505 3191 1567 3231 395]
1585 3204 1599 3220 α
1617 3185 1699 3234 ἠμὲν
1717 3188 1884 3224 ἀνακλῖναι
1900 3188 2032 3224 πυκινὸν
2050 3187 2140 3239 νέφος
2153 3190 2204 3233 ἠδ’
2220 3191 2382 3226 ἐπιθεῖναι.
2401 3208 2415 3220 υ

1555 3253 1614 3278 ⁰8⁶.
1640 3239 1724 3276 ποίει
1747 3240 1847 3288 μηδὲν
1870 3254 1879 3278 :
1899 3241 1956 3286 Μὴ
1979 3241 2063 3278 κατὰ
2082 3247 2202 3279 ταυτοῦ
2226 3244 2329 3291 ὀλίγον
2351 3244 2463 3293 χρόνον

1505 3293 1642 3343 ποιήσῃς
1657 3296 1743 3342 ἡμᾶς
1757 3294 1941 3330 ἀπολαῦσαί
1956 3308 2029 3340 σου,
2048 3295 2120 3332 ἀλλ’
2138 3297 2183 3336 εἷς
2199 3296 2306 3333 τέλεον
2324 3297 2463 3347 φανερὰν

1505 3350 1584 3395 ἡμῖν
1599 3347 1721 3391 σαυτὴν
1734 3348 1875 3394 ποίησον.
