2931 4012
484 403 500 437 Ι
508 404 553 436 'lo

927 473 987 510 IV.

650 579 1249 647 (ΑΡΙΣΤΟΦΑΝΟΥΣ

780 703 1135 743 ΓΡΛΜΜΑΤΙΚΟΥ.

578 813 636 860 Τῷ
659 809 711 847 Διὶ
729 808 850 858 φράσαι
868 807 1012 844 σπεύδων
1029 804 1072 842 τὰ
1093 805 1164 841 κατ’
1185 802 1367 853 ἀνθρώπους
1385 802 1403 821 *
1420 801 1438 820 ⁴

580 870 739 919 Τρυγαῖος
757 867 855 903 θέλων
874 867 891 885 '⁵
910 867 928 885 '⁴¹
945 867 989 907 ὡς
1005 864 1077 905 τοὺς
1094 862 1180 904 θεοὺς

579 928 738 977 ἐξέτρεφεν
757 926 898 975 ὄρνιθας·
915 927 958 966 ὡς
975 924 1002 959 δ’
1021 922 1143 967 ἀνέπτη
1154 950 1164 966 ,
1181 920 1358 958 κατέλαὸεν

579 986 704 1036 Ἑρμῆν
723 985 818 1033 μόνον
838 984 915 1020 ἄνω.
933 977 1005 1033 κᾷτ’
1022 980 1235 1017 ἐπιδείκνυσιν
1254 978 1379 1029 φράσας

448 1065 465 1089 5
578 1045 633 1082 τὸν
649 1044 789 1091 πόλεμον
809 1042 964 1092 βρύθηται
983 1038 1210 1090 ἀπηρτημένον

579 1105 683 1155 ἀέριος
700 1103 825 1151 ἕτοιμόν
842 1103 870 1139 τ’
888 1102 964 1138 ὄντα
981 1100 1061 1150 πρὸς
1075 1098 1262 1147 κακουχίαν,

578 1163 637 1208 τὴν
653 1162 806 1213 πρότερον
825 1160 967 1211 Εἰρήνην
985 1158 1018 1196 δὲ
1034 1155 1319 1208 κατορωρυγμένην

578 1221 743 1260 ἱκέτευσαν
761 1223 790 1257 οἱ
803 1220 875 1257 κατ’
892 1218 1008 1270 ἀγροὺς
1022 1217 1180 1254 ἀνάπαλιν
1198 1220 1298 1251 ποεῖν.

578 1281 615 1318 τὸ
633 1281 694 1329 μέλ
713 1280 783 1330 βαδ’
802 1280 965 1324 ἐπένευσε,
983 1277 1039 1314 καὶ
1055 1276 1128 1313 τότε

436 1357 468 1382 10
582 1338 760 1387 ἀπάγουσιν
787 1337 887 1382 αὐτὴν
905 1336 964 1381 τὴν
987 1338 1024 1373 ἐκ
1043 1337 1191 1387 βερέθρου
1208 1337 1264 1374 καὶ
1281 1336 1438 1386 τάγαθά.)

859 1455 1059 1470 duo—›—

683 1541 916 1585 SCHOLIA
945 1541 1005 1583 IN
1036 1541 1238 1583 PACEM.

534 1660 603 1710 [Ἡ
619 1658 752 1699 εἶσθεσις
765 1661 822 1694 τοῦ
836 1657 998 1706 δράματος
1012 1655 1043 1698 ἐξ
1064 1655 1219 1704 ἶαμὸείων
1234 1656 1269 1691 π’
1285 1655 1438 1699 συνήθων.

484 1715 520 1751 τὸ
537 1715 645 1763 μέντοι
657 1712 684 1755 ξ’
702 1711 896 1761 μονόμετρον
916 1705 1149 1753 ἀκατάληκτον.
1167 1708 1220 1746 ἐπὶ
1236 1710 1306 1751 ταῖς
1323 1709 1440 1746 ἀποθέ-

486 1784 556 1806 σεσι
570 1768 626 1805 καὶ
637 1769 683 1817 τῷ
694 1766 778 1803 τέλει
790 1764 1035 1815 παράγραφος.]

533 1825 564 1860 Τ
565 1827 602 1859 οῦ
620 1823 638 1858 δ
661 1822 783 1869 άματος
801 1821 922 1868 πρῶτοι
940 1817 1106 1868 τρίμετροι
1135 1817 1249 1865 ἵαμὸοι
1275 1817 1440 1864 ἀκατάλη-

439 1896 467 1921 ¹5
486 1893 555 1914 κτοι
567 1877 613 1922 π’,
624 1890 671 1912 ων
682 1875 859 1914 τελευταῖος
871 1872 1030 1916 σιὶππηδὸν
1046 1874 1076 1913 ἐς
1088 1871 1142 1908 τὸν
1153 1872 1221 1922 ἀέρ’
1231 1872 1285 1908 ἐπὶ
1295 1876 1350 1909 τοῦ
1363 1888 1440 1910 καν-

486 1932 595 1982 θάρου.
609 1948 624 1963 =
637 1929 720 1977 μετὰ
734 1929 767 1965 δὲ
781 1928 980 1971 πεντήκοντα
994 1925 1079 1963 ὀκτὼ
1094 1925 1161 1962 ἔστι
1175 1926 1440 1977 προαναφώνημα

485 1986 522 2023 τὸ
535 1986 573 2022 ἔα
587 1984 641 2030 ἔα,
656 1984 711 2021 καὶ
727 1981 769 2019 τὰ
781 1981 851 2026 ἑξῆς
865 1980 1014 2028 ἷαμὸικά.
1029 1986 1067 2015 V.

536 2052 560 2076 ῐ.
587 2033 654 2088 αἶρε
674 2036 744 2074 ἀντὶ
757 2039 812 2073 τοῦ
830 2035 915 2086 φέρε.
930 2034 987 2071 καὶ
1000 2033 1078 2084 παρ’
1090 2033 1229 2084 Ὁμήρῳ
1247 2039 1301 2079 [11.
1317 2037 1352 2080 ζ,
1370 2040 1438 2080 2⁶⁴]

486 2093 609 2137 ἀξιοῦσι
623 2085 660 2129 τὸ
674 2087 743 2142 αἶρε
758 2090 827 2127 ἀντὶ
843 2093 897 2126 τοῦ
917 2087 1038 2125 διδόναι
1063 2088 1119 2124 καὶ
1132 2088 1322 2140 προσφέρειν
1348 2090 1441 2138 λε’γε-

437 2164 471 2188 2⁰
486 2151 560 2185 σθαι
573 2148 605 2184 ἐν
622 2149 669 2183 τῶ
694 2163 708 2178 ει
733 2144 778 2193 μή
798 2158 852 2192 μοι
865 2137 947 2179 οἶνον
966 2142 1064 2192 ἄειρε.
1080 2159 1096 2174 ν
1121 2150 1157 2178 R.
1170 2149 1206 2178 V.
1232 2141 1287 2179 δύο
1307 2142 1343 2179 δέ
1362 2145 1440 2179 εἰσιν

486 2201 618 2239 οἰκέται.
630 2182 674 2237 ὅν
686 2202 704 2236 ὃ
716 2199 773 2247 μὲν
787 2197 894 2248 τρέφει
904 2196 958 2233 τὸν
969 2195 1138 2245 κάνθαρον,
1156 2199 1173 2233 ὁ
1187 2196 1221 2233 δὲ
1240 2196 1345 2247 ἕτερος
1357 2198 1441 2245 μάτ-

485 2271 545 2293 τει.
565 2258 582 2291 δ
599 2254 722 2305 τρέφων
740 2247 793 2289 οὖν
815 2251 900 2301 λέγει
921 2251 1001 2300 πρὸς
1022 2249 1076 2286 τὸν
1097 2249 1271 2298 μάττοντα.
1289 2273 1337 2278 -
1355 2252 1440 2288 ἐπα-

486 2309 681 2349 ναδίπλωσις
696 2306 730 2343 δὲ
750 2306 787 2343 τὸ
807 2308 920 2354 σχῆμα
937 2307 993 2340 τοῦ
1016 2303 1129 2352 λόγου·
1148 2303 1195 2345 δὶς
1215 2303 1277 2354 γὰρ
1294 2307 1335 2354 τῇ
1358 2307 1440 2356 αὐτῇ

486 2364 569 2406 λέξει
582 2362 747 2412 κέχρηται.
759 2367 798 2396 V.
1238 2405 1241 2407 .

439 2435 471 2460 οι,
538 2420 641 2468 μᾶζαν
662 2429 671 2453 t
693 2417 792 2458 Μᾶζα
809 2412 926 2464 κυρίως
942 2416 964 2456 ἡ
980 2411 1082 2462 τροφὴ
1095 2415 1115 2456 ἡ
1132 2411 1197 2448 ἀπὸ
1211 2411 1369 2460 γάλακτος
1386 2414 1441 2451 καὶ

488 2474 588 2517 σίτου,
597 2470 688 2521 παρὰ
698 2470 735 2507 τὸ
742 2468 909 2518 μάζεσθαι.
921 2466 959 2502 τὸ
970 2466 1004 2502 δὲ
1015 2468 1119 2514 μᾶζαν
1130 2467 1440 2518 προπερισπαστέον,

487 2526 630 2565 τουτέστι
644 2523 773 2575 τροφήν.
791 2523 1058 2572 καταχρηστικῶς
1071 2519 1104 2557 δὲ
1118 2522 1158 2569 τῇ
1173 2520 1255 2562 λέξει
1268 2520 1440 2572 κέχρηται·

488 2585 523 2621 οὔ
535 2582 598 2632 γὰρ
614 2580 673 2625 τὴν
688 2579 720 2621 ἐξ
735 2577 875 2627 ἀλφίτων
891 2577 1085 2626 φυραθεῒσαν
1097 2578 1151 2611 ν’ῠν
1164 2574 1247 2612 θέλει
1262 2576 1393 2621 δηλοῦν·
1404 2578 1440 2613 οὔ

488 2637 551 2688 γὰρ
579 2635 661 2679 αὕτη
693 2632 858 2682 κανθάρων
888 2630 989 2680 τροφή
999 2645 1006 2654 ·
1037 2629 1120 2666 ἀλλὰ
1152 2629 1189 2666 τὸ
1220 2629 1441 2679 ἀποπάτημα,

439 2706 471 2731 ³0
489 2692 574 2739 λέγω
603 2688 642 2732 δὴ
666 2687 724 2731 τὴν
742 2685 875 2734 κόπρον·
903 2683 1033 2727 τοιαύτη
1055 2684 1118 2733 γὰρ
1142 2686 1163 2726 ἠ
1191 2685 1254 2720 τῶν
1275 2684 1442 2734 κανθάρων

487 2743 601 2796 τροφή.
620 2741 739 2791 πίτυρα
756 2739 790 2776 δέ
809 2754 880 2774 τινα
903 2736 1030 2787 ῥυπαρὰ
1056 2736 1230 2784 μάττουσιν
1255 2740 1284 2774 οἱ
1309 2739 1441 2776 οἰκέται.

488 2799 605 2848 κόπρον
619 2795 681 2845 γὰρ
697 2799 799 2843 φυρᾶν
817 2791 980 2828 ἀπίθανον.

537 2854 580 2893 ὡς
590 2849 729 2898 τάχιστα
740 2860 750 2884 2
760 2845 806 2882 Ἣ
819 2845 916 2894 τάχος
926 2843 968 2889 ,ἢ
988 2843 1040 2880 διὰ
1057 2843 1194 2893 ταχέων.
1212 2865 1260 2872 -
1273 2844 1325 2881 διὰ
1340 2846 1374 2883 δὲ
1387 2850 1442 2883 τοῦ

489 2905 661 2945 σπουδαίου
682 2905 738 2938 τοῦ
761 2899 851 2949 παρὰ
878 2901 940 2935 τῶν
961 2900 1091 2935 οἰκετῶν
1110 2899 1188 2948 πρὸς
1211 2899 1265 2935 τὸν
1285 2900 1440 2950 κάνθαρον

440 2974 472 3000 85
489 2958 635 3012 ἐμφαίνει
648 2955 707 3000 τὴν
724 2953 798 3001 περὶ
815 2952 910 2989 αὐτὸν
931 2956 987 2988 τοῦ
1003 2952 1155 2989 δεσπότου
1173 2952 1327 3000 μεγίστην
1344 2968 1441 3004 φρον-

488 3015 573 3052 τίδα.
592 3020 629 3049 R.
642 3018 679 3047 V.
690 3009 845 3057 κάνθαρος
858 3007 892 3043 δὲ
908 3001 987 3048 εἶδος
1002 3005 1082 3057 ζῴου
1100 3004 1189 3055 παρὰ
1205 3005 1263 3047 τὰς
1275 3006 1389 3057 σίλφας
1405 3007 1442 3044 τὸ

490 3069 629 3119 μέγεθος,
646 3087 695 3095 -
709 3060 941 3102 ἀναὸιὸαστέον
956 3060 989 3097 δὲ
1007 3060 1060 3097 τὸν
1075 3059 1178 3097 τόνον·
1195 3059 1277 3097 οὕτω
1292 3059 1354 3111 γὰρ
1372 3062 1442 3098 Ἀτ-

487 3123 580 3161 τικοί.
591 3132 626 3161 Β.
642 3133 681 3162 v.

537 3190 566 3215 2.
597 3174 679 3224 (ἰδού
698 3186 706 3211 :
725 3169 1017 3221 Παρεπιγραφή·“ὁ
1032 3168 1096 3219 γὰρ
1115 3169 1219 3218 ἕτερος
1231 3171 1296 3205 τῶν
1311 3171 1441 3207 οἰκετῶν

440 3243 474 3268 ⁴0
489 3233 527 3268 τὸ
547 3226 747 3278 προσταχθὲν
770 3228 870 3262 ποιῶν
893 3226 981 3273 αὐτῷ
1006 3222 1183 3273 παραφέρει
1206 3223 1262 3261 καὶ
1279 3224 1442 3261 ἐπιδίδωσι

488 3286 547 3330 τὴν
559 3282 688 3334 τροφήν.

540 3341 586 3388 τῷ
599 3335 725 3373 κάκιστ’
742 3332 951 3382 ἀπολουμένῳ
971 3344 980 3369 :
999 3330 1061 3369 Διὰ
1075 3329 1138 3379 γὰρ
1151 3331 1186 3367 τὸ
1198 3331 1340 3379 ἀνάγκην
1355 3332 1440 3382 ἔχειν

1194 386 1425 423 SCHOLIA
1459 386 1511 422 IN
1545 386 1734 424 PAGEM.

1491 466 1648 504 ἅπτεσθαι
1670 468 1726 504 καὶ
1748 469 1901 518 ψηλαφᾶν
1920 470 1976 512 τῆς
1995 467 2114 518 κόπρου
2133 469 2347 519 ἀπεχθάνεται
2366 469 2444 521 πρὸς

1490 520 1544 557 τὸν
1562 520 1750 570 κάνθαρον.)

1541 583 1567 608 a.
1596 570 1714 618 μήποτ’
1734 572 1831 614 αὐτῆς
1849 573 1955 619 μῖξαν
1972 584 1981 609 :
1995 573 2069 621 Οὐχ
2082 575 2126 614 ὡς
2142 572 2240 614 ὄντως
2253 573 2446 623 τρώγοντος,

1493 624 1576 661 ἀλλὰ
1600 624 1680 675 πρὸς
1697 625 1733 661 τὸ
1756 624 1967 673 μυθευόμενον
1991 625 2128 669 ἔπαιξεν.
2150 629 2193 669 ὡς
2217 628 2365 673 ἐπίτηδες
2384 628 2448 679 γὰρ

1491 678 1704 727 πεπλασμένα
1721 679 1789 715 ἐστὶ
1805 678 1845 715 τὰ
1862 682 1926 716 τῶν
1942 680 2022 717 ὄνων
2042 681 2298 729 ἀποπατήματα.
2468 701 2483 724 5

1540 745 1566 769 τι.
1594 737 1647 770 νῦν
1662 733 1700 778 δὴ
1721 747 1730 771 :
1745 732 1845 775 οὕτως
1857 733 1994 771 Ἀττικοὶ
2008 734 2080 770 ἀντὶ
2094 738 2149 771 τοῦ
2165 735 2292 785 ἀρτίως.
2308 737 2359 783 (ἐν
2375 737 2449 786 ε’ρω-

1491 786 1582 831 τὴσει
1600 787 1654 824 τὸν
1669 787 1763 836 λόγον
1780 791 1835 824 νῦν
1852 788 2019 838 προσάγει.
2038 788 2156 825 ἐκείνου
2177 789 2240 839 γὰρ
2258 789 2448 834 αἰτήσαντος

1493 844 1597 889 μᾶζαν
1614 840 1736 891 ἑτέραν,
1753 842 1847 892 φησὶν
1865 842 1977 887 αὐτὸς,
1991 843 2032 887 ἣν
2046 842 2109 893 γὰρ
2121 847 2175 879 νῦν
2188 845 2276 894 αὐτῷ
2290 844 2448 895 προσέφε-

1494 909 1544 943 ρες
1560 896 1595 931 οὗ
1612 895 1809 945 κατέφαγεν;
1828 893 1910 933 ὥστε
1924 899 2011 942 πῶς,
2031 896 2140 947 διόπερ
2156 897 2275 934 ἐκείνου
2294 900 2450 949 ἀρνουμέ-

1491 963 1545 985 νου
1561 949 1606 997 μὴ
1622 949 1820 1000 βεὸρωκέναι
1831 950 1885 986 τὸν
1896 949 2050 1001 πρότερον
2064 950 2208 996 πέλεθον,
2221 952 2275 988 τὸν
2289 953 2448 1003 κάνθαρον
2470 969 2501 993 ιο

1491 1003 1681 1054 προστίθησι
1698 1004 1754 1041 καὶ
1770 1003 1829 1049 τὴν
1845 1005 1962 1050 αἰτίαν,
1979 1008 2022 1046 ὡς
2038 1005 2246 1056 περικυλίσας
2263 1005 2449 1058 ἑνέκαψεν.)

1541 1070 1568 1094 ο.
1596 1057 1676 1095 ἄλλο
1693 1059 1805 1109 φαγεῖν
1827 1059 1883 1095 καὶ
1900 1059 1981 1096 ἀλλο
1995 1066 2194 1110 καταφαγεῖν
2210 1061 2267 1097 καὶ
2289 1061 2370 1098 ἄλλο
2388 1077 2451 1099 κα-

1493 1113 1631 1150 ταπιεῖν.
1655 1113 1768 1162 φαγεῖν
1789 1112 1848 1161 μὲν
1869 1112 1932 1164 γὰρ
1953 1113 1991 1150 τὸ
2013 1113 2119 1158 τάξει,
2143 1118 2341 1165 καταφαγεῖν
2364 1115 2398 1153 δὲ
2415 1117 2452 1153 τὸ

1494 1166 1631 1216 ἀθρόως,
1651 1168 1822 1203 καταπιεῖν
1843 1166 1876 1203 δὲ
1899 1167 1937 1203 τὸ
1960 1167 2042 1214 μηδὲ
2064 1167 2257 1216 μασώμενον
2273 1169 2398 1206 ἐσθίειν.
2416 1169 2453 1205 τὸ

1493 1215 1547 1257 οὖν
1563 1220 1727 1271 ἀδηφάγον
1750 1224 1806 1257 τοῦ
1825 1219 1907 1271 ζῴου
1922 1221 2042 1263 δεικνὺς
2059 1221 2145 1271 λέγει
2159 1221 2208 1259 ὅτι
2222 1224 2258 1260 οὗ
2273 1224 2453 1273 κατέφαγεν
2472 1237 2502 1261 ιε

1494 1273 1578 1311 ἀλλὰ
1589 1273 1740 1311 κατέπιεν
1758 1274 1839 1324 μηδὲ
1856 1275 2093 1324 μασησάμενος.

1542 1343 1569 1367 7.
1592 1328 1799 1380 περικυλίσας
1817 1341 1826 1366 :
1846 1329 2077 1379 (Περιελκύσας
2098 1330 2154 1366 καὶ
2175 1331 2359 1381 περισύρας.
2388 1333 2454 1374 ἔθος

1494 1381 1527 1419 δὲ
1552 1385 1617 1425 τοῖς
1644 1382 1812 1432 κανθάροις
1833 1382 1891 1425 τὰς
1915 1383 2021 1424 ὀνίδας
2042 1383 2262 1434 περικυλίειν.)
2284 1384 2412 1435 λέγεται
2437 1389 2455 1423 ὁ

1494 1439 1648 1488 κάνθαρος
1674 1438 1718 1479 εἰς
1744 1437 1832 1474 ὄνθον
1860 1437 2150 1488 ἀποσπερματίζειν
2173 1438 2228 1475 καὶ
2255 1437 2339 1476 οὕτω
2361 1454 2455 1490 περι-

1494 1490 1639 1542 στρέφειν
1657 1494 1723 1533 τοῖς
1738 1491 1844 1536 ποσὶν,
1863 1491 1922 1533 ἕως
1938 1491 2013 1528 ὅταν
2032 1491 2250 1541 ἐγγυμνασθὲν
2267 1494 2306 1530 τὸ
2322 1494 2453 1544 σπέρμα
2471 1504 2505 1528 20

1494 1546 1634 1595 ἀποδοθῇ
1649 1545 1706 1583 καὶ
1718 1545 1904 1595 ἐγγεννήσῃ.
1920 1548 2017 1590 θῆλυς
2027 1545 2089 1596 γὰρ
2102 1546 2258 1598 κάνθαρος
2272 1549 2308 1584 οὗ
2322 1548 2456 1596 γίνεται,

1495 1600 1579 1637 ἀλλὰ
1594 1600 1712 1642 πάντες
1726 1600 1853 1651 ἄρρενες
1867 1602 2051 1648 γεννῶνται.

1542 1660 1609 1691 τοῖν
1625 1655 1736 1692 ποδοῖν
1752 1667 1761 1692 :
1781 1654 1868 1705 Πρὸς
1884 1653 1943 1699 τὴν
1960 1654 2049 1698 τάξιν
2067 1657 2129 1692 τῶν
2147 1656 2253 1692 ποδῶν
2276 1656 2456 1699 ἀκολούθοις

1493 1709 1530 1745 τὸ
1553 1708 1670 1747 δυῖκόν.
1695 1731 1744 1737 —·
1768 1708 1823 1746 καὶ
1840 1711 1874 1746 ἐν
1898 1709 2057 1760 Νεφέλαις
2075 1710 2154 1759 [150]
2175 1709 2228 1746 ἐπὶ
2250 1713 2308 1755 τῆς
2332 1711 2456 1760 ψύλλης

1495 1780 1509 1795 «ι
1531 1760 1684 1813 ἐνίὸαψεν
1700 1765 1745 1804 εἰς
1768 1764 1821 1800 τὸν
1843 1762 1942 1814 κηρὸν
1960 1765 2059 1807 αὐτῆς
2074 1763 2120 1799 τὼ
2137 1764 2227 1801 πόδε.
2256 1782 2270 1796 n
2294 1765 2349 1801 καὶ
2366 1765 2456 1815 παρὰ
2473 1778 2505 1802 25

1493 1820 1539 1867 τῷ
1560 1820 1679 1867 ποιητῇ
1707 1816 1873 1867 τεσσάρων
1897 1816 2006 1854 ἵππων
2034 1817 2131 1854 ὄντων
2158 1820 2204 1867 τῷ
2231 1817 2385 1869 ἽΞκτορι,
2402 1819 2458 1856 δύο

1496 1871 1553 1920 μὲν
1563 1870 1683 1916 δεξιῶν,
1699 1871 1755 1908 δύο
1770 1871 1804 1907 δὲ
1823 1872 2011 1922 ἀριστερῶν,
2027 1871 2104 1922 πρὸς
2121 1870 2268 1914 σύνταξιν
2279 1872 2457 1916 ἀκολούθως

1494 1924 1650 1974 ἐπήνεγκε
1668 1931 1716 1970 [11.
1732 1932 1774 1971 θ,
1795 1929 1852 1970 ιω]
1871 1943 1886 1958 ιι
1906 1929 1961 1962 νῦν
1990 1939 2044 1973 μοι
2063 1924 2122 1970 τὴν
2149 1925 2284 1974 κομιδὴν
2308 1927 2457 1964 ἀποτίνε-

1494 1994 1557 2015 τον.
1575 1997 1590 2011 ν
1605 1986 1639 2015 R.
1662 1986 1700 2015 V.

1543 2047 1569 2070 ⁹.
1598 2033 1798 2084 (κοπρολόγοι
1816 2045 1826 2071 :
1844 2035 1951 2070 Τοῦτο
1975 2033 2046 2077 ἤτοι
2068 2033 2147 2083 πρὸς
2172 2033 2243 2076 τοὺς
2267 2035 2383 2077 ἄλλους
2405 2036 2457 2086 ρή-
2472 2046 2505 2070 ao

1493 2101 1590 2138 τορας
1605 2087 1711 2124 καίτοι
1732 2087 2008 2137 χαριεντιζόμενος
2031 2087 2249 2134 ἀποτείνεται,
2273 2089 2457 2127 διαὸάλλων

1496 2141 1607 2183 αὐτοὺς
1622 2145 1665 2184 ὡς
1682 2140 1844 2192 μυσαροὺς
1861 2140 1917 2178 καὶ
1935 2140 2113 2190 λοιδόρους,
2127 2140 2148 2185 ἢ
2162 2142 2242 2179 διότι
2254 2142 2311 2185 τὰς
2322 2144 2457 2195 κάπρους

1493 2201 1559 2237 τοῖς
1582 2195 1719 2238 οἰκέταις
1742 2192 1976 2246 προσετέτακτο
2003 2194 2172 2245 βαστάζειν
2190 2197 2234 2239 εἷς
2257 2197 2376 2249 τροφὴν
2401 2203 2456 2236 τοῧ

1494 2249 1664 2300 κανθάρου.
1685 2250 1757 2292 τοὺς
1775 2249 1941 2300 συνεργοὺς
1958 2243 2011 2285 οὖν
2028 2251 2092 2286 τᾶῖν
2109 2250 2292 2302 ὁμοδούλων
2315 2254 2359 2294 εἰς
2384 2255 2457 2290 ἐπι-

1494 2304 1625 2354 κουρίαν
1642 2304 1746 2341 καλεῖ.
2474 2325 2505 2349 ³5

1543 2357 1763 2408 προσλάὸεσθε
1782 2370 1792 2395 z
1813 2356 2012 2403 Βοηθῆσατε.
2037 2357 2163 2408 συνέχει
2185 2358 2246 2409 γὰρ
2264 2363 2304 2409 τῇ
2322 2367 2382 2411 μιᾷ
2399 2362 2456 2406 τὴν

1497 2415 1583 2463 ῥῖνα,
1606 2415 1646 2461 τῇ
1673 2411 1707 2448 δὲ
1732 2410 1825 2462 ἑτέρα
1844 2411 1968 2460 μάττει.
1993 2413 2098 2457 ζητεῖν
2116 2407 2170 2449 οὖν
2193 2412 2276 2450 ἔοικε
2292 2414 2366 2457 τοὺς
2384 2417 2458 2452 δια-

1496 2466 1706 2515 δεξομένους.)

1546 2534 1586 2558 ιο.
1612 2520 1829 2569 ἀποπνιγέντα
1855 2533 1864 2558 :
1889 2519 2024 2569 Συνὲχει
2052 2519 2115 2569 γὰρ
2139 2521 2198 2562 τὰς
2227 2524 2314 2572 ῥῖνας
2339 2523 2391 2560 διὰ
2421 2525 2457 2561 τὸ

1496 2582 1597 2625 φυρᾶν
1613 2574 1672 2619 τὴν
1689 2574 1808 2625 κόπρον
1827 2573 1906 2624 ὑπὲρ
1929 2578 1984 2611 τοῦ
2002 2573 2047 2622 μὴ
2071 2575 2225 2612 ὀδωδέναι
2248 2579 2347 2628 αὐτῷ.
2372 2579 2454 2626 μήτε
2472 2599 2504 2624 ⁴0

1495 2625 1550 2666 οὗν
1566 2629 1731 2671 διεξιόντος
1745 2628 1793 2665 ἔτι
1808 2632 1861 2665 τοῦ
1876 2627 2058 2676 πνεύματος
2070 2628 2153 2676 μήτε
2169 2633 2227 2666 τοῦ
2242 2630 2353 2673 ἔξωθεν
2367 2632 2458 2682 ἀέρος

1497 2683 1686 2731 σπωμένου,
1704 2683 1776 2720 ἀλλ’
1798 2682 2077 2731 ἀποκεκλειμένων
2098 2686 2162 2720 τῶν
2187 2687 2279 2734 ῥινῶν
2295 2688 2336 2735 τῇ
2354 2687 2456 2737 θλίψει

1494 2741 1559 2775 τῶν
1576 2737 1754 2782 δακτύλων,
1775 2737 1899 2786 ἀνάγκη
1922 2737 2218 2788 στενοχωρουμένου
2235 2743 2292 2776 τοῦ
2308 2741 2456 2790 πνεύμα-

1495 2808 1549 2835 τος
1564 2791 1732 2841 πνίγεσθαι
1749 2792 1856 2829 αὐτόν.
2389 2797 2391 2799 “

1546 2861 1588 2885 11.
1615 2846 1726 2897 ἑτέραν
1747 2847 1858 2896 ἑτέραν
1882 2859 1891 2884 :
1921 2848 1975 2895 (Οἱ
2001 2847 2140 2884 Ἀττικοὶ
2167 2848 2222 2884 καὶ
2247 2849 2301 2885 ἐπὶ
2329 2852 2455 2888 πολλῶν
2472 2867 2502 2892 ⁴5

1494 2902 1621 2950 λέγουσι
1635 2901 1673 2937 τὸ
1692 2900 1814 2950 ἑτέραν.
1837 2902 1931 2948 ἡμεῖς
1953 2901 1987 2937 δὲ
2013 2901 2065 2937 ἐπὶ
2083 2902 2229 2951 δευτέρας
2251 2903 2378 2951 μόνης.)
2402 2906 2455 2942 ἐπὶ

1494 2958 1551 3000 τῆς
1573 2955 1681 3006 τρίτης
1703 2954 1813 3004 ἑτέραν
1831 2949 1930 2993 εἶπεν.
1957 2955 2047 3002 (ὅλως
2065 2955 2096 2993 δὲ
2121 2959 2141 3000 ἡ
2164 2960 2453 3010 παρατετηρημένη

1496 3009 1548 3046 ἐπί
1575 3024 1610 3046 τε
1633 3012 1690 3045 τοῦ
1712 3008 1820 3058 ἑτέρου
1845 3009 1901 3045 καὶ
1924 3009 2023 3046 ἄλλου
2047 3010 2183 3060 διαφορὰ
2204 3012 2281 3060 παρ’
2305 3012 2455 3054 Ἀττικοῖς

1495 3067 1553 3101 οὐκ
1568 3064 1676 3112 ἔστιν.)

1543 3118 1752 3169 ἡταιρηκότος
1770 3117 1934 3162 [Ἐπειδὴ
1958 3118 2085 3155 ἐκείνων
2108 3120 2194 3155 δοκεῖ
2216 3122 2237 3163 ἡ
2262 3119 2378 3170 κόπρος
2403 3136 2456 3158 τε·
2472 3138 2503 3161 ω

1494 3173 1623 3223 τρίφθαι
1647 3175 1691 3214 ὡς
1707 3172 1939 3222 ἡταιρηκότων.
1967 3174 2004 3209 ἐκ
2021 3172 2055 3209 δὲ
2074 3177 2129 3210 τοῦ
2149 3173 2284 3221 ἑτοίμως
2300 3174 2352 3210 καὶ
2375 3190 2453 3225 προ-

1494 3226 1609 3275 χείρως
1637 3231 1860 3276 προσενεγκεῖν
1887 3226 2054 3263 διαὸάλλει
2082 3226 2155 3268 τοὺς
2181 3228 2384 3276 Ἀθηναίους,
2413 3233 2455 3271 ὡς

1494 3281 1623 3316 πολλῶν
1640 3280 1696 3316 καὶ
1716 3281 1890 3317 ποιούντων
1907 3280 2076 3329 [τοιαῦτα]
2099 3283 2177 3330 παρ’
2196 3283 2301 3322 αὐτοῖς
2317 3282 2371 3318 καὶ
2390 3298 2451 3319 πα-

1496 3332 1650 3382 σχόντων.
