2931 4012
533 421 602 451 528

1234 413 1506 451 ADNOTATIO
1533 414 1582 451 IN
1608 414 1770 453 SCHOL.

538 501 580 538 3.
602 493 683 537 εἶναι
696 513 766 536 om.
786 503 828 536 V.
848 499 1038 546 Sequentia
1055 510 1126 534 om.
1144 501 1194 533 M.
1207 499 1358 546 Regius:
1378 497 1471 535 Πλά-
1527 499 1584 543 V.,
1600 497 1660 543 qui
1676 498 1721 533 38
1740 497 1768 532 εἰ
1785 509 1856 532 om.
1867 518 1907 527 -
1921 502 1967 539 40
1982 498 2043 541 τ’ἧς
2053 496 2179 540 λοιπῆς
2192 499 2261 541 τῆς
2274 495 2432 542 τοιαύτης
2444 501 2478 535 lt.

535 568 608 590 ταια
623 554 716 595 πόλις
738 553 861 602 γίνεται
888 552 954 589 ἀπὸ
972 556 1029 589 τοῦ
1058 552 1167 597 πλάτη
1193 551 1211 588 ὃ
1238 551 1389 600 σημαίνει
1415 553 1470 589 τὸν

531 608 607 656 (sic)
626 607 760 652 κώπην,
776 607 856 643 διότι
876 609 905 643 οἱ
929 608 1104 648 Πλαταιεῖς
1126 607 1226 656 λίμνῃ
1246 611 1471 656 παροικοῦντες
1497 626 1499 632 ·

530 662 594 699 ἀπὸ
617 662 829 707 κωπηλασίας
855 661 946 704 ἔζων.
969 661 1079 710 ὥσπερ
1103 659 1137 697 δὲ
1164 664 1186 705 ἡ
1207 660 1338 698 Θέσπια
1362 663 1394 697 ἐν
1412 662 1470 709 μὲν

530 722 598 758 τοῖς
614 718 728 757 ἐνικοῖς
753 715 1028 767 προπαροξύνεται
1038 744 1049 761 ,
1068 717 1101 752 ἐν
1114 714 1148 751 δὲ
1165 721 1231 757 τοῖς
1248 717 1471 759 πληθυντικοῖς

530 769 672 812 ὀξύνεται
684 785 692 794 ·
716 770 859 808 Θεσπιαὶ
873 769 935 820 γὰρ
961 769 998 806 τὸ
1013 770 1244 813 πληθυντικόν·
1264 769 1348 806 οὕτω
1377 769 1431 805 καὶ
1448 772 1470 813 ἡ

530 824 684 861 Πλάταια
699 826 812 866 ἑνικῶς
833 823 893 872 μὲν
907 823 1181 874 προπαροξύνεται
1193 850 1202 868 ,
1220 824 1317 866 πληθ.
1344 823 1378 859 δὲ
1396 823 1471 866 ὀξύ-

529 892 639 914 νεται·
663 877 830 915 Πλαταιαὶ
847 876 909 928 γὰρ
933 876 1063 924 λέγεται
1076 891 1083 899 ·
1101 877 1156 912 καὶ
1178 878 1195 912 ὁ
1218 877 1352 921 πολίτης
1374 878 1472 921 αὐτῆς

530 930 729 972 Πλαταιεύς·
745 934 767 975 ἡ
786 931 948 975 αἰτιατικὴ
967 933 1031 967 τῶν
1046 933 1159 967 ἑνικῶν
1182 930 1236 967 τὸν
1248 931 1408 979 ‚mama
1422 959 1450 995 '...
1450 934 1471 975 ἡ

530 983 564 1020 δὲ
579 986 684 1020 εὐθεῖα
698 986 763 1020 τῶν
791 985 890 1028 πληθ.
924 986 954 1020 οἱ
978 986 1174 1028 Πλαταιεῖς,
1199 984 1254 1020 καὶ
1275 987 1295 1027 ἠ
1324 985 1389 1019 αἰτ.
1406 986 1470 1020 τῶν

529 1039 585 1074 πλ.
610 1036 686 1079 τους
715 1039 889 1079 Πλαταιεῖς
908 1038 964 1074 καὶ
992 1040 1170 1079 Πλαταιᾶς.
1198 1036 1295 1078 πολυς
1321 1036 1355 1073 δὲ
1380 1037 1471 1086 λόγος

530 1159 585 1181 και
598 1143 740 1195 τρόπαια
755 1138 839 1193 εἶχεν
859 1147 989 1193 ἀγαθῶν
1016 1146 1139 1196 ἀνδρῶν
1158 1148 1222 1181 τῶν
1246 1144 1306 1189 τὴν
1324 1145 1472 1183 ’.Ελ)οἰδα

530 1200 812 1249 ἐλευθερωσάντων
831 1200 886 1236 καὶ
904 1200 940 1237 τὸ
960 1199 1124 1249 βασίλειον
1145 1199 1331 1250 στράτευμα
1354 1201 1472 1237 δουλω·

531 1253 667 1290 σάντων.

579 1307 663 1354 698,
681 1308 797 1350 43-45
811 1308 862 1342 sic
874 1311 915 1344 R.
933 1308 1049 1344 Celeri
1067 1307 1152 1355 λέγει
1165 1310 1470 1358 στρατηγῶν-τῶν
1499 1303 1501 1320 ³

530 1361 614 1408 (τῶν
635 1374 705 1397 om.
721 1361 778 1410 V.)
794 1361 869 1411 περὶ
885 1360 1089 1411 Ἄργίνουσαν
1106 1362 1387 1411 ναυμαχησάντων
1407 1365 1472 1398 τῶν

533 1414 700 1451 σωθέντων
716 1416 754 1451 ἐκ
768 1417 833 1451 τῶν
852 1415 875 1451 ι’
887 1417 935 1462 (ἐν
953 1418 999 1465 τῷ
1016 1414 1094 1451 δέκα
1110 1418 1168 1465 V.)
1190 1437 1238 1445 —-
1256 1418 1300 1459 45
1318 1418 1471 1468 ἀργίννο-

530 1483 591 1505 σαν
611 1469 951 1530 συνναυμαχησᾶντων
967 1451 1011 1505 R.
1021 1470 1142 1513 ,Ceteri
1154 1470 1369 1520 Ἄργίνουσαν.
1381 1473 1472 1507 Din-

533 1523 666 1558 dorfius
685 1523 804 1570 posuit
817 1522 916 1571 quod
940 1523 1147 1559 scholiastes
1165 1524 1248 1560 alibi
1274 1532 1473 1561 constanter
1499 1550 1502 1575 =

533 1577 705 1623 sequitur.
721 1597 769 1604 —-
787 1578 834 1619 46
852 1576 907 1612 καὶ
924 1576 1084 1612 additum
1099 1590 1142 1613 ex
1161 1579 1203 1614 Θ.
1219 1598 1264 1604 -
1283 1585 1326 1623 47
1347 1578 1472 1614 ἐκωλύ-

530 1684 784 1731 μετακαλεῖσθαι
804 1685 881 1720 Ald.
903 1685 1002 1721 Cons.
1019 1686 1129 1722 schol.
1148 1698 1181 1720 ν.
1200 1686 1282 1720 688.
1297 1686 1361 1722 δεῖν
1379 1686 1473 1722 addi-

529 1738 580 1773 dit
594 1737 809 1773 Dindorfius.
826 1737 882 1774 καὶ
898 1738 1064 1785 ἐπιτίμους
1086 1738 1272 1775 Dobraeus.
1297 1760 1345 1766 —-
1368 1745 1414 1787 49
1431 1734 1471 1776 {v

530 1791 605 1841 περὶ
629 1790 766 1829 Αἰολίδα
790 1795 832 1828 V.
849 1812 894 1819 —
911 1806 931 1828 α
950 1794 1056 1829 αὐτῶν
1079 1795 1144 1828 τῶν
1172 1794 1277 1829 αὐτῶν
1296 1795 1339 1831 Θ.
1367 1795 1473 1830 αὐτῶν

531 1847 597 1881 τῶν
612 1849 658 1882 M.
671 1847 736 1882 τῶν
751 1847 784 1881 ἐν
800 1848 848 1897 τῷ
866 1847 942 1883 Ald.
956 1872 1003 1879 --
1018 1848 1037 1883 3
1051 1847 1293 1889 κατακλεισθείς
1309 1851 1371 1893 Μ.,
1387 1849 1473 1884 utin

532 1899 669 1936 scholio
687 1913 721 1936 v.
738 1901 822 1937 688.

581 1955 648 1998 703
659 1981 671 1999 ,
699 1959 719 1997 4
743 1953 1036 2005 ὑπερφρονήσωμεν
1060 1955 1114 1991 καὶ
1132 1954 1292 1992 additum
1312 1969 1356 1992 ex
1371 1959 1413 1993 R.
1426 1977 1474 1984 —

530 2009 552 2043 6
565 2008 821 2058 συμμαχήσασιν
841 2010 885 2047 Θ.
899 2009 979 2045 Ald.
1001 2010 1039 2045 ln
1063 2013 1113 2045 M.
1135 2010 1295 2047 scholion
1320 2011 1388 2047 hoc
1408 2019 1473 2057 est,

530 2063 558 2098 εἰ
575 2061 609 2098 δέ
625 2064 668 2105 ὥς
684 2063 812 2111 μεγάλα
827 2062 1052 2113 ἁμαρτήματα
1067 2063 1112 2111 μὴ
1128 2063 1304 2112 θελήσομεν
1318 2065 1473 2110 ἐνδοῦναι,

532 2116 604 2152 ἀλλ’
624 2117 906 2168 δπερφρονήσομεν
925 2117 971 2164 μὴ
992 2123 1134 2154 συνεῖναι
1148 2118 1425 2167 συμμαχήσασιν,
1438 2121 1472 2154 οὗ

529 2170 664 2218 δόξομεν
682 2170 814 2220 ὕστερον
831 2173 936 2212 καλῶς
953 2177 1092 2222 φρονεῖν.

579 2230 662 2267 704,
679 2237 703 2271 9
717 2223 792 2274 περὶ
807 2224 976 2273 Αἰσχύλου
995 2229 1025 2259 Μ
1031 2253 1039 2261 .
1057 2225 1147 2275 παρὰ
1161 2225 1199 2262 τὸ
1213 2226 1377 2275 Αἰσχύλου
1395 2227 1472 2263 Ald.

529 2276 598 2313 ἔστι
611 2277 884 2328 δὲ-Ἀρχιλόχῳ
908 2281 967 2327 (τῷ
986 2280 1074 2328 Ἀρχ.
1093 2281 1150 2326 Μ.)
1167 2281 1287 2316 addita
1305 2294 1348 2317 ex
1363 2285 1406 2318 V.
1425 2285 1473 2318 M.

527 2353 576 2360 -
604 2345 646 2368 ια
664 2334 681 2368 ὁ
696 2332 904 2373 Διονυσιακὸς
919 2333 992 2368 Ald.
1010 2341 1045 2368 et
1063 2337 1124 2378 M„
1141 2341 1179 2368 ut
1199 2334 1350 2370 videtur.

579 2386 646 2431 705
665 2385 888 2422 scribebatur
908 2385 1161 2435 βλαὸησώμεθα.

579 2441 649 2484 706
666 2443 708 2476 R.
723 2439 830 2476 habet
847 2440 978 2487 glossas
991 2440 1061 2476 ἀντὶ
1079 2444 1135 2476 τοῦ
1148 2443 1371 2491 τιμωρηθῆναι
1386 2442 1475 2492 ὀφεί-

527 2495 576 2529 λει
590 2508 598 2516 ·
616 2503 652 2530 et
669 2496 697 2530 εἶ
715 2493 857 2542 δύναμαι
883 2493 1098 2544 κρίναι-15
1119 2495 1271 2537 Φοίνικος
1290 2495 1311 2539 ἢ
1328 2495 1476 2537 Καινέως

528 2549 931 2597 Bentleius.1.egebatur
947 2548 1103 2594 Φοινίκης
1121 2548 1142 2593 ἢ
1158 2550 1211 2586 καὶ
1230 2551 1290 2586 Οἷν
1294 2549 1366 2592 ἕως.
1388 2551 1416 2586 εἰ
1441 2549 1474 2586 δὲ

526 2601 564 2637 τὸ
581 2602 670 2652 ὀρθὸς
686 2606 729 2638 V.
745 2605 788 2639 Θ.
804 2607 854 2639 Μ.
859 2597 988 2639 —-16'r
964 2619 991 2639 ω
1008 2604 1146 2640 addidit
1169 2605 1357 2641 Bentleius.
1371 2603 1421 2640 ὅτι
1437 2605 1475 2640 οὗ

528 2655 557 2691 δ.
572 2656 615 2693 Θ.
631 2657 701 2701 Qui
723 2669 765 2704 19
781 2671 832 2705 sq.
848 2671 918 2695 om.
933 2657 1275 2709 οἰμώξεται-χρόνον.

578 2722 661 2756 709,
678 2722 724 2745 αα
741 2723 793 2758 sq.
805 2711 1292 2764 ὉΚλειγένηςφαίνεταιπερὶ,
1311 2719 1355 2755 24
1373 2708 1472 2754 οὗτος.

529 2761 640 2812 μικρὸς
653 2763 686 2799 δὲ
705 2758 745 2808 ἦν
761 2766 808 2814 τῷ
834 2765 962 2814 σώματι
987 2771 1030 2803 R.
1052 2771 1151 2815 Reg„
1164 2769 1200 2803 in
1218 2781 1289 2815 quo
1302 2778 1353 2804 est
1371 2769 1475 2806 Κλει-

529 2815 670 2860 σθένηςε
690 2816 731 2852 Ὁ
751 2818 947 2863 Κλεισθένης
960 2815 1050 2861 οἶτος
1072 2821 1184 2870 μικρὸς
1199 2815 1238 2864 ἦν
1253 2820 1312 2865 τὴν
1327 2822 1470 2868 ἡλικίαν,

529 2868 684 2918 ἀπόγονός
704 2883 789 2912 τινος
812 2873 986 2919 βαλανέως.
1013 2875 1221 2925 κωμῳδεῖται
1243 2870 1297 2911 ουν
1324 2875 1387 2911 ὕπο
1418 2881 1473 2913 τοῦ

527 2927 662 2969 ποιητοῦ
680 2926 724 2966 ὣς
740 2925 904 2975 ταράκτης
921 2940 978 2969 της
994 2927 1153 2972 πόλεωςῇ
1141 2943 1217 2969 ισως
1243 2929 1278 2964 δὲ
1295 2930 1350 2965 καὶ
1368 2944 1473 2980 προσ-

527 2976 708 3027 κεκρουκὼς
722 2978 952 3029 Ἀριστοφάνει.
1152 2999 1156 3004 >

578 3046 659 3077 710,
678 3033 722 3068 25
741 3033 863 3078 ὁπόσης
881 3036 924 3070 R.
937 3032 1020 3075 ὅσως
1032 3037 1072 3071 V.
1090 3034 1160 3072 ὅσοι
1190 3037 1353 3082 Ald.-27
1385 3038 1472 3086 σμή·

526 3100 639 3134 χματα
651 3091 695 3123 V.
713 3088 771 3123 hic
784 3096 818 3123 et
835 3089 891 3123 28.
909 3087 1069 3136 σμήματα
1085 3092 1128 3125 R.

578 3155 616 3186 7¹
630 3156 642 3177 1
661 3169 671 3186 ,
696 3144 741 3178 30
768 3146 872 3179 ταῦτα
897 3142 1005 3179 πάντα
1026 3157 1057 3179 κ.
1082 3147 1186 3192 Reg„
1209 3146 1269 3192 qui
1291 3146 1474 3193 praemittit

527 3195 760 3248 κυκησιτέφρου
789 3197 844 3234 καὶ
867 3197 1071 3247 ψευδονίτρου
1101 3199 1211 3239 κονίας
1235 3199 1291 3234 καὶ
1316 3198 1474 3246 κιμωλίας

529 3263 599 3299 F<-

576 3316 666 3348 712,
688 3308 728 3347 34
757 3320 808 3354 sl.
833 3306 919 3351 αὕτη
947 3310 967 3351 ἡ
991 3308 1086 3351 νῆσος
1100 3310 1145 3343 V.
1160 3308 1204 3344 Θ.
1218 3305 1323 3350 νήσων
1342 3306 1472 3356 (νήσων

532 3370 596 3395 am.
613 3358 668 3399 R.)
679 3359 758 3404 αὕτη
770 3365 807 3396 R.
821 3361 945 3397 Ald.—-
956 3362 1000 3397 36
1018 3360 1199 3413 Ἐρυθρέων
1214 3361 1259 3397 Θ.
1272 3360 1471 3410 Ἐρυθραίων

1498 985 1500 987 ’
1526 997 1620 1030 μενος
1646 982 1785 1029 μανίαν,
1814 981 1905 1024 εἶδως
1922 980 1970 1018 ὅτι
1991 986 2154 1029 μισεῖται.
2179 980 2312 1019 πολλοὶ

1523 551 1637 593 λοιπῆς
1655 550 1804 595 τοιαύτης
1818 555 1861 587 V.
1874 551 1920 587 Θ.
1934 551 2084 595 τοιαύτης
2102 553 2234 595 λοιπῆς
2245 550 2333 587 ΔΜ.

1574 605 1657 648 715,
1679 607 1723 647 46
1743 603 1876 645 εὔοπλος
1901 607 1942 641 V.
1965 609 2048 641 Post
2068 604 2212 646 ἔνοπλος
2242 605 2374 653 pergit
2391 607 2431 641 R.
2452 604 2479 641 τὶ

1525 657 1558 694 δὲ
1579 659 1700 708 πλῆρες
1718 659 1912 708 ἐνδιατρίψει
1928 657 2019 699 εἰδὼς
2036 659 2128 695 τάδε.
2147 656 2480 707 προσεποιεῖτοδὲὸς

1524 725 1602 762 φασι
1618 712 1673 748 καὶ
1690 712 1810 760 μανίαν
1829 710 1920 752 εἰδὼς
1935 711 1984 748 ὅτι
1999 717 2151 760 μισεῖται
2167 721 2247 748 etc.
2270 733 2315 743 -
2330 718 2379 759 49
2397 712 2478 761 αὐτῷ.

1524 766 1601 808 ἴσως
1613 769 1655 816 τῇ
1673 768 1736 814 (τῇ
1755 779 1825 802 om.
1849 767 1918 813 V.)
1938 766 2101 817 βακτηρία
2133 768 2303 815 συνεχῶς
2331 766 2478 814 (συντ-[ὗς

1497 821 1594 873 fem.
1613 822 1655 857 V.
1660 819 1839 870 )ἐχρ“ἧτοῆ
1859 819 1915 856 καὶ
1930 819 2165 868 dub-cossum
2193 828 2235 857 et
2253 822 2319 856 τοῦ
2338 832 2409 856 om.
2425 822 2476 853 Vm

1524 875 1653 911 δείπνου
1669 874 1924 923 ἐπανερχόμενος
1945 876 1985 909 V.
2010 875 2055 912 Θ.
2079 875 2214 922 Pes-git
2247 875 2301 910 Θ.
2320 873 2420 921 ἤγουν
2433 874 2477 909 dn

1525 928 1646 970 ἄοπλος
1660 929 1782 976 διάγει,
1800 928 1871 964 ἀλλ’
1884 929 1916 964 ἐν
1938 928 2022 978 χειρὶ
2042 928 2140 970 ξύλον
2164 928 2268 978 φέρει
2228 926 2476 1030 xpm

2330 996 2354 1030 γ

1498 1034 1501 1044 '
1525 1038 1702 1073 ἀπειλοῦσι.

530 1091 649 1136 ταύτης
663 1094 721 1135 τῆς
737 1091 883 1137 πόλεως,
900 1091 940 1128 τά
956 1106 991 1128 τε
1009 1091 1092 1128 ἄλλα
1108 1092 1162 1128 καὶ
1183 1092 1232 1128 ὅτι
1256 1091 1378 1142 τάφους
1394 1093 1471 1143 φασὶ
1499 1084 1501 1125 J

1498 1499 1502 1546 Ι

1578 1104 1658 1136 7ι7.
1681 1090 1850 1128 Scholion
1870 1091 2055 1126 metricum
2076 1102 2157 1126 om.
2179 1090 2302 1126 etiam
2329 1091 2376 1126 Θ.
2393 1092 2473 1125 Μ.-

1527 1152 1545 1188 4
1568 1105 1606 1181 τ7ὸ
1620 1143 1655 1180 δὲ
1671 1144 1739 1188 ἑξῆς
1751 1144 1788 1180 τὸ
1801 1144 1879 1180 αὐτὸ
1892 1171 1901 1187 ,
1920 1157 1942 1190 9
1956 1138 2029 1180 οῧσι
2047 1143 2289 1194 συγ-χρώμεθα
2306 1144 2389 1180 ΔΙιΙ.

1577 1211 1658 1244 720,
1679 1211 1721 1233 ια
1750 1197 1939 1237 Ἑλλάνικος
1960 1197 2472 1246 Bentleius.1.egebaturffi

1526 1257 1611 1302 νικᾶ.
1627 1253 1727 1289 Conf.
1742 1252 1850 1287 schol.
1868 1264 1899 1285 v.
1915 1253 1996 1298 694.
2015 1265 2147 1302 χρυσου
2167 1255 2215 1289 V.

1576 1319 1658 1350 72¹,
1684 1306 1723 1341 15
1742 1304 1813 1341 ουδὲ
1831 1304 2227 1353 κατακεκαπηλευμένοις
2247 1309 2289 1342 V.
2308 1306 2422 1343 Ceteri
2434 1306 2469 1341 οὔ

1578 1361 1659 1405 723,
1679 1361 1721 1395 18
1738 1358 1877 1409 ἀκριὸὦς
1893 1373 1962 1395 om.
1977 1360 2021 1397 V.

1577 1414 1669 1458 725,
1697 1425 1741 1448 αα
1767 1412 1964 1460 νομίσματος
1985 1416 2029 1448 V.
2048 1435 2087 1444 —
2116 1415 2167 1450 25
2196 1414 2376 1459 Καλλίου,
2396 1415 2464 1450 conf

1526 1468 1638 1504 schol.
1658 1468 1885 1504 Eccles.81o.
1902 1480 1996 1511 -27
2018 1467 2318 1516 νομισμάτωνΘω

1578 1523 1660 1566 730,
1677 1533 1724 1568 29
1739 1520 2005 1569 εἶσόἄλλομενΡι.
2022 1520 2108 1565 ἐκὸη
2124 1521 2247 1558 ἐλαύν.
2271 1527 2319 1561 V.
2330 1524 2469 1559 -33-35

1499 1586 1501 1609 ε
1526 1588 1598 1612 om.
1621 1576 1724 1611 etiam
1748 1577 1791 1612 Θ.
1815 1579 1924 1612 Μ.-
1946 1575 1991 1610 35
2017 1577 2469 1627 φαρμακοῖσι-καθάρμισιι

529 1632 646 1674 θησαν,
660 1631 690 1665 οἱ
702 1629 737 1665 δὲ
752 1629 911 1680 τέσσαρες
937 1630 1055 1680 ἔφυγον
1078 1631 1122 1667 Θ.
1136 1657 1182 1662 -
1203 1633 1247 1673 48
1269 1633 1313 1672 ὡς
1338 1631 1402 1681 Ἀρ.
1430 1636 1472 1668 V.
1499 1661 1503 1669 .
1526 1642 1597 1667 om.
1615 1633 1712 1665 V.—
1726 1630 1767 1674 37
1783 1627 2112 1677 ἐπιὸεὸουλευμένους
2130 1634 2226 1679 neg.

1579 1684 1660 1727 736,
1678 1689 1719 1726 41
1743 1682 1837 1719 Κατὰ
1854 1686 1896 1719 R.
1917 1682 1982 1719 ἀπὸ
2000 1683 2076 1729 (ὑπὸ
2099 1685 2166 1732 Μ.)
2184 1686 2300 1722 καλοῦ
2315 1689 2358 1722 R.
2378 1688 2414 1720 V.
2430 1687 2466 1719 M.

1527 1746 1563 1773 et
1581 1737 1706 1773 Suidas
1733 1749 1761 1772 s.
1786 1735 1901 1779 Ἄξιον.
1924 1735 1989 1772 ἀπὸ
2008 1740 2064 1772 τοῦ
2085 1738 2135 1775 Θ.
2162 1737 2199 1780 ἐξ
2223 1738 2322 1781 ἀξίου
2345 1741 2467 1787 γῶντοῖ

1529 1792 1608 1828 Ald.
1623 1790 1678 1827 καὶ
1696 1792 1754 1827 ἀπ.
1773 1793 1817 1828 Θ.
1832 1794 1879 1827 Μ.
1897 1792 2084 1827 ἀπατᾶσθαι
2100 1795 2153 1828 M.
2174 1795 2279 1829 Tum
2300 1794 2398 1829 addit
2409 1793 2466 1828 sola

1527 1846 1605 1882 Ald.
1622 1844 1675 1881 ἐπὶ
1688 1847 1752 1881 τῶν
1769 1844 1939 1881 ἐθελόντων
1956 1847 2083 1894 σεμνῶς
2098 1846 2300 1896 δυστυχεῖν,
2314 1861 2391 1896 quae
2404 1854 2466 1883 sunt

1529 1901 1564 1935 in
1580 1902 1680 1947 Regu,
1698 1899 1759 1946 qui
1773 1900 1923 1948 ineptias
1939 1900 2110 1948 quasdam
2126 1901 2299 1938 addit.-
2316 1905 2362 1945 43
2381 1900 2401 1945 ἦ
2417 1905 2467 1941 τοῖς

1526 1958 1708 2004 φαρμακοῖς
1723 1954 1782 2000 Θ.,
1800 1955 1859 2001 qui
1874 1966 1972 2002 seqq.
1991 1955 2143 1990 omittit.

1578 2008 1665 2052 738,
1686 2010 1731 2050 46
1749 2021 1800 2055 sq.
1820 2008 1884 2045 Πλ.
1902 2008 2027 2052 οἰκέτης
2048 2021 2122 2046 om.
2137 2013 2210 2055 V.,
2228 2011 2297 2059 qui
2319 2010 2373 2047 τὸν
2392 2011 2465 2046 Ξαν-

1527 2062 1609 2098 θίαν.
1644 2063 1832 2098 Μεινίευηι
1871 2062 2030 2098 scholion
2057 2072 2093 2099 et
2122 2076 2290 2112 sequens
2319 2071 2387 2110 740
2410 2077 2464 2100 on.

1527 2117 1632 2152 etiam
1649 2118 1690 2154 Θ.
1710 2120 1757 2152 M.
2353 2154 2357 2156 .

1578 2178 1620 2215 74
1631 2184 1660 2214 ι,
1678 2172 1697 2206 3
1717 2169 1963 2219 ἐξελεγχθέντων
1977 2172 2119 2207 dunum
2136 2175 2194 2217 V.,
2211 2173 2365 2222 reliquis
2380 2173 2465 2208 omis-

1527 2225 1586 2262 sis.
1595 2231 1676 2267 -4
1698 2224 1731 2261 δὲ
1750 2238 1822 2261 om.
1840 2228 1882 2261 R.

1578 2281 1666 2324 743,
1697 2280 1716 2314 5
1743 2278 1814 2315 ἀντι
1835 2293 1891 2315 του
1914 2278 2046 2329 ᾤμωζε,
2074 2280 2257 2318 τουτέστιν
2280 2281 2425 2333 ἔφευγον,
2448 2282 2465 2316 6

1527 2333 1635 2379 αὐτὸν,
1649 2333 1766 2382 οἴμωζε
1785 2332 1896 2379 εἰπὼν,
1913 2336 1941 2369 εἰ
1957 2334 2039 2372 Ald.

1578 2389 1662 2433 745,
1685 2400 1727 2423 ιο
1746 2386 1892 2433 φαίνεται
1910 2389 1953 2425 Θ.
1973 2387 2144 2438 φαίνονται
2162 2393 2210 2425 V.
2230 2391 2317 2428 Ald.
2335 2393 2366 2427 οῖ
2383 2389 2420 2427 τὰ
2433 2393 2465 2426 R.

1527 2444 1557 2478 οἱ
1576 2442 1609 2478 δὲ
1625 2442 1664 2477 τὰ
1682 2441 1763 2479 Ald.
1775 2463 1823 2469 --
1840 2455 1880 2477 12
1900 2449 1983 2490 post
2005 2443 2186 2480 καλοῦνται
2212 2446 2339 2493 pergit
2359 2445 2467 2505 suidas

1529 2498 1571 2543 (s.
1590 2494 1817 2542 Ἐποπτεύειν)
1836 2497 1865 2531 οἱ
1893 2494 1927 2531 δὲ
1947 2497 1994 2545 τῷ
2020 2493 2092 2539 ἕξῆς
2117 2497 2169 2532 ἐνι
2158 2500 2287 2548 ιαυτῷ,
2308 2497 2412 2549 ἔφοροι
2426 2495 2467 2533 καὶ

1527 2549 1677 2586 ἐπόπται.
1696 2547 1760 2597 ἐγὼ
1774 2544 1847 2594 ουν,
1870 2550 1946 2600 φησὶ
1940 2564 1986 2595 .,ν
2012 2548 2089 2586 ὅταν
2108 2558 2180 2588 etc.
2207 2526 2313 2589 Dicit
2335 2552 2467 2589 scholia-

1527 2611 1598 2639 stes
1611 2612 1742 2651 mystas
1756 2617 1849 2639 anno
1862 2612 1943 2652 post
1954 2604 2212 2651 initiationem,
2226 2607 2310 2643 sive
2322 2608 2467 2655 mysteria

1528 2667 1713 2706 suscepta,
1733 2658 1778 2694 ad
1797 2659 1938 2694 illorum
1958 2657 2133 2695 ἐποπτείαν
2158 2660 2343 2698 admissos
2357 2662 2466 2698 fuisse·

1529 2725 1635 2759 quam
1676 2713 1884 2748 sententiam
1928 2713 2096 2748 adversus
2141 2716 2374 2764 scaligerum
2409 2727 2466 2751 non

1530 2766 1620 2801 male
1646 2773 1788 2802 tuentur
1817 2768 2012 2814 Dionysius
2037 2769 2209 2804 Petavius
2237 2771 2279 2807 in
2318 2770 2410 2807 notis
2432 2767 2466 2804 ad

1529 2820 1764 2856 'themistium
1786 2829 1821 2857 et
1853 2822 1977 2858 lsmael
2003 2822 2202 2859 Bullialdus
2230 2824 2280 2860 ad
2302 2825 2466 2862 'theonem

1527 2878 1744 2923 Smyrnaeum
1764 2889 1799 2924 p.
1824 2878 1894 2912 218
1910 2889 2009 2925 seqq.
2027 2880 2142 2914 Kusoe.
2157 2879 2187 2914 ot
2204 2877 2244 2915 δὲ
2258 2877 2467 2930 παραλαμὸα-

1528 2944 1634 2971 νοντες
1650 2933 1694 2967 R.
1713 2934 1754 2967 V.
1771 2952 1804 2958 -
1822 2933 1938 2977 19-28
1952 2944 2024 2968 om.
2045 2932 2213 2971 etiamO.
2231 2936 2289 2971 M.

1579 2985 1662 3029 750,
1695 2987 1734 3019 31
1765 2999 1792 3020 ω
1818 2988 1860 3022 R.
1887 2982 1915 3020 ὣ
1941 2985 2062 3021 ceteri.
2095 2985 2278 3034 ὁμοιάτατε
2305 2992 2352 3026 R.
2373 2992 2467 3035 Regu

1529 3037 1668 3081 Ἐπειδὴ
1687 3052 1743 3074 και
1759 3040 1777 3075 ὁ
1792 3038 1936 3079 Ξανθίας
1950 3038 2005 3075 καὶ
2018 3041 2036 3075 ὅ
2050 3020 2165 3080 δοῦλος
2182 3042 2213 3076 ὁ
2217 3044 2281 3078 τοῦ
2294 3042 2468 3081 mdc-mc

1527 3092 1571 3133 ὣς
1588 3091 1696 3128 δοῦλοι
1716 3105 1877 3139 συγγενεις
1896 3091 2066 3139 λέγονται,
2081 3092 2147 3129 Δία
2162 3094 2323 3143 ὁμόγνιον
2335 3094 2392 3131 καὶ
2407 3107 2469 3130 συν·

1527 3146 1652 3194 γενικὸν
1676 3148 1885 3183 ἀνακαλεῖται
1901 3150 1918 3183 ὁ
1935 3151 2027 3183 τοῦτο
2053 3147 2173 3195 λέγων.
2193 3151 2396 3198 Sequentia
2411 3150 2469 3186 mi·

1529 3213 1606 3236 rum
1624 3201 1651 3236 si
1669 3202 1739 3237 sint
1753 3201 1787 3236 in
1805 3204 1867 3244 V.;
1890 3214 1970 3237 nam
1986 3201 2093 3237 habet
2111 3205 2218 3251 Reg„
2237 3206 2305 3253 qui
2324 3206 2372 3242 33
2390 3211 2470 3241 recte

1528 3255 1659 3291 omittit
1676 3255 1763 3295 ἴσως.
1774 3277 1810 3282 -
1827 3257 1869 3297 34
1888 3254 1924 3290 τὸ
1941 3253 1974 3291 δὲ
1990 3263 2025 3290 et
2038 3258 2229 3304 sequentia
2244 3272 2321 3298 om.
2338 3261 2385 3298 Θ.

1578 3309 1662 3353 756,
1695 3309 1812 3351 4ι-46
1829 3321 1901 3346 om.
1931 3309 2037 3345 etiam
2059 3311 2106 3347 Θ.
2133 3313 2298 3355 Μ.--.4ι

1499 3389 1503 3394 .
1527 3365 1612 3409 neg.
1632 3364 1785 3411 ἑταιροῖος
1803 3362 1934 3400 Ald.—
1952 3364 1996 3406 48
2026 3356 2115 3399 εἶπεν
2133 3364 2315 3409 σύνδουλος
2333 3371 2376 3405 R.
2396 3366 2468 3416 λέγω
