2931 4012
465 449 536 484 236

464 526 590 569 ζεσθαι,
603 523 708 564 λίθους
722 521 946 571 βαστάζουσιν,
956 520 1042 561 ὅπως
1057 519 1237 568 κάμνουσαι
1248 521 1289 568 τῇ
1304 517 1421 562 πτήσει

466 578 616 630 ρίπτοιεν,
630 577 686 613 καὶ
704 576 862 613 αἴσθοιντο
880 575 1013 624 πότερον
1026 575 1079 610 ἐπὶ
1090 573 1181 622 γῆςῆ
1196 573 1249 609 ἐπὶ
1264 572 1423 616 θαλάττης

464 631 624 684 φέρονται.
643 631 698 667 καὶ
716 632 744 667 εἷ
759 630 817 679 μὲν
836 630 887 667 ἐπὶ
906 629 1065 672 θαλάττης
1081 628 1155 672 ἥκοι
1175 630 1192 663 ὁ
1213 627 1315 671 λίθος,
1343 625 1418 662 ἀνύ-

464 700 534 723 ουσι
553 685 612 730 τὴν
629 684 711 721 ὁδόν·
730 687 757 721 εἷ
775 683 809 720 δὲ
828 683 882 720 ἐπὶ
903 686 978 731 γῆς,
993 681 1224 718 ἀναπαύονται.

432 753 448 776 ο
513 739 676 788 θεμελίους
692 752 700 776 :
721 737 844 787 Ἧγουν
857 736 1078 787 προσήκοντας
1096 734 1246 786 θεμελίῳ.
1270 742 1346 771 Υὶσί.

511 796 780 830 καταπεπωκυῖαι
808 792 915 833 λίθους
937 803 946 828 2
976 790 1071 828 Ἐπεὶ
1102 791 1136 825 αἱ
1164 789 1292 838 γέρανοι
1318 788 1424 829 λίθους

464 848 675 885 καταπίνουσι
690 847 744 883 καὶ
760 846 813 882 ἐπὶ
826 845 885 890 τὴν
901 845 1063 893 Αἴγυπτον
1078 843 1323 893 παραγίνονται.

514 915 591 940 11³8.
616 900 746 943 τούτους
775 902 803 937 δ’
830 900 970 942 ἐτύκιζον
996 911 1005 937 :
1031 898 1139 940 Τύκος
1160 897 1323 948 ἐργαλεῖόν
1343 911 1375 932 τι
1397 892 1424 946 ᾧ

462 955 535 998 τοὺς
556 955 660 997 λίθους
680 953 910 1005 περικόπτουσι
934 953 990 990 καὶ
1012 952 1144 995 ξέουσιν.
1168 951 1345 995 ἐπιτήδειον
1370 944 1423 986 οὖν

417 1027 448 1052 10
465 1010 556 1062 ἔργον
570 1013 640 1051 ταῖς
658 1009 781 1058 μακρὸν
805 1007 954 1057 ἐχούσαις
973 1007 1099 1057 ῥύγχος.
1118 1005 1193 1055 κρὲξ
1211 1003 1245 1041 δὲ
1265 999 1348 1046 εἶδος
1366 1005 1423 1054 ὅρ-

463 1064 551 1110 νέου,
568 1062 622 1107 ὀξὺ
639 1063 724 1099 πάνυ
742 1062 780 1099 τὸ
798 1062 914 1112 ῥύγχος
934 1061 990 1098 καὶ
1005 1061 1179 1110 πριονῶδες
1197 1058 1284 1109 ἔχον.

516 1131 599 1156 1139..
614 1117 771 1167 πελαργοὶ
794 1117 902 1166 μυρίοι
925 1128 934 1153 :
956 1115 1019 1152 Διὰ
1038 1114 1075 1151 τὸ
1101 1113 1303 1164 Πελαργικὸν
1320 1116 1425 1162 τεῖχος

463 1172 536 1215 τοὺς
549 1172 615 1210 ἀπὸ
632 1171 816 1222 Τυρρηνίας
831 1170 968 1214 ἥκοντας
983 1171 1177 1213 ἀναστῆσαι.

515 1239 588 1264 1141.
615 1228 647 1263 οἱ
667 1224 839 1276 χαραδριοὶ
858 1238 867 1261 :
893 1222 1237 1271 Ὠνοματοπεποίηται
1259 1221 1296 1259 τὸ
1315 1221 1423 1272 ὄρνεον

419 1299 448 1324 ω
464 1281 555 1333 παρὰ
568 1281 605 1318 τὸ
619 1282 653 1317 ἐν
665 1285 735 1321 ταῖς
751 1278 930 1330 χαράδραις
944 1277 1130 1328 διατρίὸειν.

514 1348 589 1373 1142.
617 1334 743 1385 ἐρωδιοὶ
756 1333 924 1370 λεκάναισι
942 1344 951 1369 :
968 1331 1069 1382 Παρὰ
1082 1330 1142 1375 τὴν
1155 1330 1230 1382 ἔραν
1246 1330 1424 1380 πέπαιχεν,

413 1437 417 1440 v
465 1390 534 1428 ἐπεὶ
551 1392 569 1427 ὁ
585 1388 686 1434 πηλὸς
703 1389 739 1424 ἐκ
756 1390 813 1431 τῆς
833 1387 927 1435 ἔρας,
944 1385 1090 1423 τουτέστι
1108 1388 1163 1429 τῆς
1179 1388 1248 1434 γῆς.
1267 1388 1371 1422 ταῦτα
1390 1385 1425 1421 δὲ

464 1446 509 1487 ὣς
524 1445 558 1481 ἐν
574 1442 730 1492 κωμῳδία
747 1439 995 1490 ἐσχημάτισται.
1046 1439 1084 1476 rb
1103 1439 1161 1487 μὲν
1177 1439 1281 1476 κοινὸν
1296 1438 1423 1483 λακάνη

464 1497 555 1548 παρὰ
571 1496 609 1534 τὸ
630 1497 673 1533 λα
696 1494 878 1532 ἐπιτατικὸν
896 1493 954 1530 καὶ
975 1492 1013 1530 rb
1029 1492 1154 1543 χαίνω,
1173 1492 1210 1528 τὸ
1228 1491 1262 1529 δὲ
1281 1492 1424 1529 Ἀττικὸν

418 1567 452 1592 ω
465 1552 598 1597 λεκάνη.

517 1619 592 1643 1145.
619 1606 649 1642 οἰ
674 1607 770 1654 χῆνες
793 1603 1027 1645 ὑποτύπτοντες
1047 1614 1057 1640 z
1076 1601 1140 1639 Διὰ
1161 1601 1199 1638 rb
1220 1601 1429 1643 πλατύποδας

466 1663 530 1698 τῶν
546 1660 653 1697 ἄλλων
671 1660 794 1705 μᾶλλον
812 1652 894 1694 εἶναι
907 1656 981 1699 τοὺς
997 1659 1111 1706 χῆνας.

519 1727 592 1752 1147.
620 1713 666 1759 [τί
680 1714 762 1758 δῆτα
777 1712 872 1754 πόδες
888 1725 897 1749 z
914 1711 1014 1763 Παρὰ
1026 1711 1087 1755 τὴν
1103 1710 1282 1761 παροιμίαν

694 1800 721 1831 τί
730 1801 802 1837 δῆτα
814 1802 906 1839 χεῖρες
917 1800 971 1830 οὐκ
981 1800 1016 1829 ἂν
1027 1798 1203 1839 ἐργασαίατο
1210 1797 1238 1837 3]

420 1897 453 1922 ,ᾗ
521 1890 596 1915 11⁴8.
622 1877 679 1913 καὶ
691 1876 731 1921 νὴ
746 1874 845 1912 Δίάἱ
858 1879 973 1919 νῆτται
991 1887 1001 1912 t
1019 1874 1062 1912 ‘H
1077 1876 1191 1918 νῆτται
1205 1868 1286 1915 εἶδος
1300 1873 1407 1924 ὀρνέου
1417 1901 1426 1918 ,

469 1932 544 1981 ἔχον
566 1931 626 1975 τὴν
647 1929 807 1979 πτέρωσιν
831 1931 867 1965 ἐκ
889 1928 1014 1977 φύσεως
1036 1927 1147 1977 ὥσπερ
1169 1927 1272 1971 ζώνην
1296 1927 1427 1971 λευκήν.

467 1985 558 2036 παρὰ
582 1988 676 2022 τοῦτο
705 1978 760 2021 οἷν
789 1982 918 2025 ἔπαιξεν
944 1981 1128 2031 ἐζωσμένην
1152 1981 1287 2033 εἰρηκὼς
1316 1981 1427 2026 αὐτήν.

469 2038 643 2089 ὑπαγωγέα
661 2037 695 2075 δὲ
719 2038 774 2074 τὸν
799 2037 941 2088 ξυστῆρά
959 2051 1049 2088 φησι.
1069 2035 1174 2073 πλατὺ
1193 2035 1228 2072 δέ
1245 2038 1314 2073 ἐστι
1335 2036 1428 2080 σίδη-

470 2110 541 2146 ρον,
555 2089 583 2145 ᾧ
601 2093 704 2137 ξέουσι
723 2092 778 2129 τὸν
798 2091 913 2137 πηλόν.
992 2089 1138 2138 (Ἄλλως.
1160 2089 1243 2132 τινὲς
1264 2092 1328 2126 τῶν
1351 2104 1430 2135 νησ-

418 2164 453 2190 ³0
472 2151 536 2185 σῶν
548 2148 658 2197 ἔχουσι
673 2146 833 2197 πτέρωσιν
844 2148 888 2187 ὡς
902 2144 1002 2190 ζώνην
1018 2147 1050 2181 ἐν
1065 2144 1175 2195 κύκλῳ
1187 2143 1330 2192 λευκήν.)

524 2215 598 2240 11110.
626 2200 775 2250 (ἔχουσαι
803 2200 938 2236 κατόπιν
967 2211 976 2236 t
1000 2197 1134 2249 ιὭσπερ
1160 2197 1276 2234 παιδία
1307 2198 1432 2248 βασι-α’-

470 2257 581 2298 ζουσαι
600 2253 706 2290 αὐτόν.
724 2255 768 2294 ὡς
786 2251 917 2288 εἰώθασι
942 2252 1114 2301 βαστάζειν
1138 2251 1180 2288 τὰ
1205 2251 1331 2288 παιδία.
1355 2252 1432 2287 ἀσα-

470 2311 536 2359 φῶς
553 2307 587 2345 δὲ
602 2306 702 2356 λέγει.
718 2306 806 2355 λέγει
825 2305 887 2357 γὰρ
907 2305 966 2347 τὰς
989 2306 1156 2355 χελιδόνας
1179 2305 1235 2342 rbv
1257 2305 1431 2354 ὑπαγωγέα

470 2362 604 2400 ἐπὶτῶν
628 2361 727 2409 ὤμων
754 2359 859 2401 αὐτὰς·
877 2359 1030 2407 κομίζειν,
1052 2359 1106 2395 τὸν
1130 2359 1164 2395 δὲ
1182 2359 1285 2404 πηλὸν
1308 2361 1341 2395 ἐν
1366 2360 1433 2400 τοῖς

422 2433 455 2458 ³5
471 2416 621 2465 στόμασι.
648 2415 704 2452 καὶ
726 2418 854 2451 ποιοῦσι
880 2417 990 2457 τοῦτο,
1013 2412 1089 2449 ὅταν
1116 2411 1175 2455 τὰς
1201 2412 1346 2455 νεοσσιὰς
1371 2428 1431 2449 κα-

470 2470 719 2513 τασκευάζωσιν.
736 2471 754 2505 ὁ
774 2467 807 2505 δὲ
830 2466 1037 2517 ὑπαγωγεὺς,
1055 2466 1216 2512 ὥς.τινες,
1234 2469 1383 2517 σιδηροῦν
1400 2482 1432 2504 τι

472 2520 536 2569 οἷον
552 2521 712 2571 πτυΐδιον,
730 2518 757 2574 ᾧ
771 2525 915 2573 χρῶνται
929 2523 958 2558 οἱ
972 2520 1129 2558 κονιαταί.
1149 2523 1178 2558 οἱ
1193 2520 1244 2566 δὲ,
1265 2522 1431 2571 ἐργαλεῖον

472 2577 683 2625 οἰκοδομικὸν,
713 2570 741 2626 ᾧ
772 2574 982 2613 ἀπευθύνουσι
1006 2574 1063 2616 τὰς
1087 2574 1237 2616 πλίνθους
1262 2575 1341 2624 πρὸς
1370 2577 1431 2611 ἆλ-

471 2631 583 2675 λήλας.
598 2630 679 2671 τινὲς
696 2630 729 2666 δὲ
746 2630 824 2666 αὐτὸ
839 2629 1044 2678 παράξυσ-τον
1065 2630 1229 2665 καλοῦσιν.
1246 2631 1275 2665 εἰ
1299 2628 1345 2677 μὴ
1368 2629 1431 2679 ἄρα

425 2702 457 2726 ω
472 2684 575 2729 πηλόν
597 2698 668 2720 τινα
694 2683 869 2731 ὑπαγωγέα
892 2685 1041 2721 καλοῦσι.
1063 2686 1205 2720 τοιοῦτον
1234 2683 1296 2732 γάρ
1322 2698 1353 2718 τι
1377 2683 1431 2720 καὶ

471 2738 660 2788 εἝρμιππος
676 2738 709 2772 ἐν
723 2737 789 2778 τοῖς
811 2739 842 2774 Τ
846 2737 1003 2787 ριμέτροις
1021 2736 1209 2786 ἐμφανίζει.)

525 2804 599 2829 ιιεο.
625 2791 817 2832 πελεκᾶντες
838 2804 847 2828 :
869 2789 970 2840 Παρὰ
996 2790 1033 2825 τὸ
1053 2791 1194 2826 πελεκᾶν
1209 2789 1252 2826 τὰ
1272 2789 1368 2835 ξύλα,
1386 2793 1432 2841 τῷ

475 2845 609 2893 ὀνόματι
638 2847 694 2881 τοῦ
720 2843 841 2894 ὄρνιθος
866 2846 1005 2884 πιθανῶς
1028 2843 1151 2886 παίζων
1178 2843 1350 2893 ἐχρήσατο.
1377 2844 1432 2881 καὶ

475 2900 524 2936 ὅτι
545 2897 669 2949 ῥάμφος
685 2896 752 2947 ἔχει
770 2895 866 2945 μέγα.

426 2968 457 2993 ⁴5
525 2966 599 2990 1¹58.
626 2951 864 3002 rtOt'spmrcxt.R.

526 3021 601 3045 115⁹.
626 3006 683 3043 καὶ
712 3004 937 3055 βεὸαλάνωται
966 3016 976 3041 z
1014 3004 1098 3041 ’Λντὶ
1127 3007 1181 3040 τοῦ
1208 3005 1433 3051 κεκλείδωται,

478 3063 611 3113 βάλανοι
625 3060 659 3098 δὲ
673 3059 822 3109 λέγονται
832 3059 874 3095 τὰ
889 3058 1041 3108 μάγγανα
1056 3061 1113 3103 τῆς
1127 3058 1334 3101 κλειδώσεως.

526 3129 600 3154 noo.
628 3113 811 3166 ἐφοδεύεται
828 3126 837 3151 :
865 3112 948 3151 Ἀντὶ
969 3116 1026 3149 τοῦ
1051 3111 1236 3149 διοδεύεται.
1256 3113 1293 3150 rb
1311 3112 1344 3150 δὲ
1366 3129 1432 3150 κω-

478 3174 702 3222 δωνοφορεῖται
726 3168 812 3218 [ἀντὶ
828 3171 883 3205 τοῦ
907 3167 1127 3216 δοκιμάζεται]
1148 3170 1169 3210 ἡ
1198 3169 1262 3203 τῶν
1283 3167 1434 3218 φυλάκων

429 3242 462 3267 ω
478 3225 609 3276 φρουρά.

1204 438 1431 476 SCHOLIA
1464 439 1519 477 IN
1550 439 1696 478 AVES.

1523 531 1595 555 1163.
1622 519 1820 570 ἀπονίψομαι
1845 532 1854 557 :

1472 574 1514 614 ὥς
1536 573 1601 609 ἀπὸ
1616 576 1680 609 τῶν
1700 576 1812 624 ἔργων.

1521 627 1626 663 τᾶλλα
1643 629 1703 677 δρᾶ·
1718 640 1726 664 :
1742 628 1825 664 Ἀντὶ
1838 632 1893 665 τοῦ
1908 636 2040 679 πρᾶττε,
2056 632 2307 681 προστακτικῶς.

1525 695 1597 719 1169.
1623 683 1782 733 πυρρίχην
1808 683 1934 732 βλέπων
1960 698 1969 721 :
1997 684 2155 722 Ἕνοπλον
2178 687 2233 723 καὶ
2257 689 2431 736 πολεμικόν

1473 751 1516 773 τι.
1537 734 1679 777 ἐνόπλιος
1702 736 1763 786 γὰρ
1786 736 1920 786 ὄρχησις
1939 742 1959 782 ἡ
1982 739 2134 789 πυρρίχη.
2152 762 2199 768 -
2218 742 2302 777 ἐσθεῖ
2320 755 2328 778 ;
2350 745 2429 781 Eia·
2449 755 2464 777 5

1473 789 1590 839 τρέχει.
1606 798 1645 826 V.

1527 856 1599 880 1173.
1627 845 1671 885 εἷς
1687 843 1740 880 τὸν
1759 843 1840 895 ἀέρα
1855 857 1863 882 :
1879 845 1958 882 Δέον
1977 847 2075 882 εἰπεῖν
2092 849 2134 888 εἷς
2147 847 2205 892 τὴν
2225 848 2332 887 πόλιν.

1526 909 1599 935 1174.
1625 898 1867 948 ἡμεροσκόπους
1885 911 1893 936 :
1910 899 1994 941 Τοὺς
2008 902 2039 936 ἐν
2054 901 2160 951 ἡμέρᾳ
2179 907 2400 953 φρουροῦντας.

1527 964 1598 989 1177.
1628 953 1727 1000 (τοῦτ’
1749 953 1843 1002 ἴσμεν
1867 966 1875 991 ;
1901 953 1987 1004 Πρὸς
2006 955 2063 999 τὴν
2091 958 2123 991 ἐν
2149 958 2261 994 Ἰλιάδι
2285 962 2344 1003 [Α,
2371 966 2431 1005 4¹25]

1475 1005 1601 1056 γραφὴν
1619 1005 1679 1051 τὴν
1696 1024 1711 1038 κ
1728 1007 1834 1057 χθιζὸς
1852 1007 1911 1053 ἔὸη
1928 1008 2012 1056 μετὰ
2032 1011 2136 1046 δαῖτα.
2149 1028 2163 1042 υ
2178 1010 2278 1054 οὕτως
2294 1013 2432 1056 ἀξιοῦσιν
2452 1027 2480 1052 1ο

1476 1059 1703 1110 Ἀριστοφάνην
1717 1059 1873 1112 γράφειν.)

1523 1113 1713 1164 περιπόλους
1733 1128 1742 1151 :
1766 1114 1850 1156 Τοὺς
1875 1115 2036 1166 φύλακας,
2064 1117 2085 1161 ἢ
2113 1119 2262 1163 ζητητάς.
2290 1121 2354 1158 ἀπὸ
2379 1127 2434 1159 τοῦ

1475 1169 1672 1218 περιπολεῖν.
1689 1168 1727 1206 rb
1743 1168 1778 1205 δὲ
1794 1169 1883 1218 ἑξῆς,
1903 1172 1960 1207 οὐκ
1974 1172 2074 1221 ἐχρῆν
2089 1173 2279 1223 περιπόλους
2294 1175 2433 1226 πέμψαι.

1527 1235 1601 1261 1179.
1628 1222 1840 1266 ἱπποτοξότας
1858 1237 1867 1262 z
1884 1225 1962 1262 Ἀπὸ
1980 1226 2038 1273 μὲν
2060 1231 2115 1262 τοῦ
2132 1226 2232 1264 ἵππου
2254 1229 2312 1273 τὴν
2332 1216 2435 1273 δξεῗαν

1477 1278 1580 1314 αὐτῶν
1601 1281 1718 1322 πτῆσιν
1743 1279 1852 1325 δηλοῖ,
1873 1278 1937 1315 ἀπὸ
1961 1278 1994 1316 δὲ
2016 1284 2072 1317 τοῦ
2094 1281 2185 1324 τόξου
2204 1282 2241 1319 τὸ
2256 1285 2435 1333 ἐπικαμπὲς
2455 1302 2484 1325 15

1477 1333 1539 1367 τῶν
1553 1332 1689 1381 ὀνύχων.

1533 1398 1605 1423 11110.
1633 1385 1859 1435 ἠγκυλωμένος
1878 1399 1887 1424 :
1908 1387 2046 1435 Ἀγκύλη
2059 1384 2139 1430 εἶδος
2156 1391 2312 1429 ἀκοντίου.

1529 1451 1601 1477 1181.
1628 1438 1772 1488 κύμινδις
1789 1453 1798 1478 :
1815 1440 1887 1485 Τὴν
1902 1441 2029 1489 κύμιδιν
2044 1444 2101 1479 οὐκ
2116 1443 2294 1494 ἀνέγραψεν
2313 1449 2330 1482 ὃ
2349 1449 2435 1484 Καλ-

1477 1493 1625 1543 λίμαχος.
1644 1492 1770 1540 μήποτε
1792 1488 1847 1531 οὖν
1864 1494 1997 1536 κίσινδις
2012 1497 2183 1546 γραπτέον.
2203 1500 2219 1534 ὁ
2238 1497 2270 1534 δὲ
2288 1500 2437 1550 τριόρχης

1479 1542 1560 1590 εἶδος
1577 1546 1713 1599 ἱέρακος.
2390 1541 2400 1549 ⁸
2454 1569 2487 1592 20

1529 1614 1602 1639 1182.
1631 1601 1716 1653 ῥύμῃ
1734 1614 1744 1639 :
1761 1604 1858 1653 Φορᾷ
1875 1603 1974 1653 βιαίᾳ.

1531 1668 1603 1693 1183.
1630 1656 1768 1692 δονεῖται
1798 1670 1807 1694 :
1841 1659 2005 1703 Κινεῖται,
2040 1658 2257 1709 ταράσσεται,
2294 1661 2434 1700 σαλεύει.

1487 1717 1562 1746 Vict.
1695 1715 1698 1718 '

1530 1777 1602 1801 118⁶.

1899 523 1947 558 Ην
1974 521 2035 571 γὰρ
2058 523 2124 559 ἀπὸ
2146 526 2250 568 πηλοῦ
2275 524 2297 570 ἢ
2320 525 2426 568 κονίας

1628 1763 1712 1801 ὥστε
1726 1764 1864 1807 ἐλπίζειν
1880 1764 1940 1809 τὴν
1959 1765 2088 1802 ἅλωσιν.
2103 1779 2140 1808 v,

1532 1830 1606 1856 1108.
1634 1817 1790 1869 [πόλεμος
1810 1818 1937 1869 αἴρεται
1961 1831 1971 1857 2
1999 1820 2147 1862 Εἴσθεσις
2171 1827 2270 1872 χοροῦ
2294 1824 2437 1873 ἐπῳδικὴ
2456 1838 2488 1861 25

1480 1871 1593 1909 κώλων
1619 1875 1802 1922 τροχαῖκῶν
1828 1873 2090 1922 ἐπιμεμιγμένων
2117 1876 2252 1925 χορείοις
2277 1877 2347 1921 ἤτοι
2370 1893 2438 1928 τρι-

1481 1927 1618 1977 ὅράχεσι
1641 1926 1697 1963 καὶ
1724 1928 1891 1970 δακτύλοις
1912 1932 2159 1977 πενθημιμερῶν
2185 1931 2232 1974 η’.
2259 1926 2303 1967 ὧν
2325 1932 2366 1968 τὰ
2381 1933 2439 1981 μὲν

1481 1984 1595 2031 πρῶτα
1613 1981 1687 2031 τρία
1701 1981 1757 2017 καὶ
1770 1981 1948 2027 παιωνικὰ,
1967 1984 1994 2018 εἰ
2013 1983 2140 2032 βούλει,
2151 1984 2279 2029 ποιήσει
2292 1986 2437 2034 ἡμιόλια.

1480 2035 1519 2072 rb
1532 2035 1684 2086 τέταρτον
1701 2036 1874 2086 τροχαῖκὸν
1898 2038 1934 2072 ἐκ
1957 2038 2115 2074 δακτύλου
2137 2041 2383 2089 πενθημιμερές.
2403 2043 2439 2078 τὸ

1481 2088 1629 2137 πέμπτον
1648 2088 1704 2126 καὶ
1724 2089 1816 2126 ἕκτον
1834 2091 2038 2141 ἷθυφαλλικά.
2054 2091 2091 2127 rb
2108 2092 2135 2135 ζ’
2154 2092 2210 2129 καὶ
2226 2095 2257 2138 η’
2277 2096 2437 2144 τροχαϊκὰ
2455 2110 2489 2133 30

1482 2146 1720 2193 πενθημιμερῆ.
1737 2144 1769 2179 ἐν
1788 2143 1911 2180 ἐκθέσει
1928 2144 1962 2180 δὲ
1980 2144 2119 2192 ίαμὸικὰ
2134 2146 2219 2197 τρία.
2236 2142 2280 2183 ὧν
2295 2148 2330 2184 τὸ
2346 2151 2437 2198 πρῶ-

1482 2211 1535 2233 τον
1551 2196 1699 2246 δίμετρον
1717 2196 1955 2241 ἀκατάληκτον.
1981 2200 2010 2234 οἱ
2037 2197 2070 2234 δὲ
2094 2199 2151 2236 δύο
2174 2200 2336 2250 τρίμετροι
2359 2205 2441 2238 ἀκα-

1482 2251 1648 2295 τάληκτοι.
1665 2250 1718 2286 ἐπὶ
1734 2253 1781 2300 τῷ
1794 2250 1877 2286 τέλει
1892 2252 2052 2302 κορωνίς.]

1530 2304 1672 2353 πόλεμος
1686 2304 1811 2353 αἴρεται
1827 2318 1836 2342 z
1853 2304 1915 2342 Διὰ
1933 2305 1992 2349 τὴν
2007 2307 2188 2357 ὑπερὸολὴν
2207 2308 2278 2345 ἀντὶ
2292 2314 2349 2346 τοῦ
2364 2311 2441 2359 ε’γεί-

1484 2374 1573 2410 ρεται
1587 2359 1642 2396 καὶ
1657 2359 1896 2408 μετεωρίζεται.
1913 2382 1959 2388 -—-
1974 2359 2008 2397 ἔν
2025 2375 2090 2397 τισι
2105 2362 2138 2398 δὲ
2160 2366 2222 2399 τῶν
2239 2364 2439 2416 ἀντιγράφων
2458 2379 2490 2402 35

1483 2416 1527 2456 εἰς
1543 2412 1600 2450 δύο
1616 2414 1707 2450 κῶλα
1726 2413 1876 2464 διῄρηται
1893 2414 1931 2450 rb
1955 2414 1999 2460 ἓν,
2024 2417 2056 2452 ἐν
2080 2416 2114 2452 δὲ
2138 2417 2244 2459 ἀλλοις
2267 2422 2438 2463 συνῆπται.

1483 2476 1561 2506 Ven.

1534 2535 1607 2559 um.
1633 2521 1896 2572 φατὸςιΛεκτός.
1923 2530 2001 2559 Vict.

1534 2590 1606 2614 1102.
1635 2575 1715 2626 ἀέρα
1732 2575 1935 2627 περινέφελον
1952 2590 1961 2614 :
1982 2580 2013 2615 Τ
2013 2578 2052 2622 ὴν
2071 2578 2239 2628 ἀορασίαν,
2256 2579 2293 2616 τὸ
2316 2580 2440 2624 σκότος.

1535 2643 1608 2668 1197.
1636 2628 1809 2680 πεδαρσίου
1832 2643 1841 2667 :
1863 2631 2052 2683 Μετεώρου,
2078 2632 2266 2680 πετομένου.
2292 2633 2383 2684 παρὰ
2404 2636 2442 2672 rb
2459 2653 2492 2677 ⁴0

1484 2687 1521 2721 ἐκ
1538 2688 1592 2720 τοῦ
1610 2683 1709 2721 πέδου
1725 2684 1882 2734 αἴρεσθαι.

1536 2751 1609 2775 1109.
1638 2738 1719 2783 αὕτη
1738 2738 1778 2775 σὺ
1794 2750 1803 2775 :
1821 2738 1984 2789 [Κορωνὶς
2003 2739 2164 2777 εἰσιόντων
2180 2736 2270 2783 αὖθις
2287 2744 2350 2779 τῶν
2368 2745 2443 2781 ὑπο-

1483 2795 1610 2841 κριτῶν.
1632 2794 1661 2828 οῐ
1680 2791 1714 2828 δὲ
1736 2791 1841 2841 στίχοι
1859 2793 2006 2840 ίαμὸικοὶ
2031 2795 2196 2846 τρίμετροι
2222 2797 2442 2842 ἀκατάληκτοι

1485 2846 1542 2895 ξγ’.
1558 2841 1603 2882 ὧν
1618 2847 1800 2887 τελευταῖος

1635 2933 1860 2968 καταιθαλώσεις
1872 2937 1930 2964 τῶν
1941 2935 2085 2975 νεωτέρων
2095 2936 2168 2967 τινά.
2461 2953 2492 2976 ⁴5.

1485 3001 1539 3038 ἐπὶ
1553 3004 1600 3052 τῷ
1616 3002 1701 3039 τέλει
1718 3003 1881 3054 κορωνίς]
1900 3026 1947 3032 -
1964 3005 2044 3056 πρὸς
2063 3006 2122 3051 τὴν
2141 3001 2223 3057 Ἶρίν
2241 3023 2319 3059 φησι
2337 3023 2442 3045 κατα-

1483 3056 1593 3093 λαθὼν
1609 3056 1721 3101 αὐτήν.
1734 3065 1772 3098 v,

1536 3122 1608 3147 1213.
1635 3111 1745 3147 πλοῖον
1759 3108 1780 3154 ἢ
1796 3115 1875 3157 κυνῆ
1898 3124 1907 3149 :
1929 3115 2049 3151 Πλοῖον
2072 3116 2142 3163 μὲν,
2163 3116 2242 3152 καθὸ
2265 3116 2442 3168 ἐπτέρωται

1486 3164 1541 3199 καὶ
1558 3163 1781 3213 ἐξωγκωμένον
1803 3165 1871 3215 ἔχει
1887 3167 1942 3204 τὸν
1959 3171 2099 3216 χιτῶνα,
2117 3170 2172 3205 καὶ
2190 3169 2230 3205 τὰ
2246 3170 2349 3221 πτερὰ
2368 3173 2441 3207 δια-
2484 3208 2489 3220 Ι

1485 3218 1650 3255 πέπταται
1665 3222 1708 3261 ὡς
1725 3222 1844 3256 κῶπαι.
1860 3225 1939 3265 κυνῆ
1958 3222 2008 3266 δὲ,
2025 3222 2073 3259 ὅτι
2100 3223 2168 3272 ἔχει
2185 3226 2441 3275 περικεφαλαίαν
2460 3218 2496 3299 ἢ

529 3291 602 3315 1161.
628 3277 825 3328 φρυκτωρίαι
844 3289 853 3314 :
879 3277 934 3325 (At
956 3275 1008 3313 διὰ
1031 3277 1094 3311 τῶν
1117 3273 1251 3324 πύργων
1276 3275 1431 3325 φυλακαί.
1486 3272 1540 3308 τὸν
1554 3272 1705 3318 πέτασον,
1722 3276 1765 3316 ὡς
1782 3277 1799 3310 ὗ
1817 3274 1941 3324 Ἑρμῆς
1960 3275 2093 3325 ἄγγελος
2111 3277 2155 3313 ὢν
2174 3277 2264 3327 παρὰ
2282 3281 2445 3328 Σοφοκλεῖ

478 3331 569 3382 παρὰ
584 3331 638 3367 τὸν
654 3330 774 3380 πυρσὸν
793 3331 847 3368 καὶ
865 3331 901 3367 rb
917 3329 1076 3381 ὠρεύειν.)
1091 3348 1133 3354 -
1151 3330 1180 3365 οἱ
1198 3328 1252 3365 ἐπὶ
1273 3332 1339 3366 τῶν
1356 3329 1436 3380 πύρ-
1487 3332 1519 3366 ἐν
1535 3329 1652 3379 Ἰνάχῳ
1672 3333 1729 3374 τῆς
1745 3329 1861 3380 Ἴριδος
1879 3348 1893 3362 κ
1911 3331 1989 3379 γυνὴ
2005 3331 2052 3373 τίς
2065 3332 2140 3376 ἥδε;
2158 3333 2277 3375 κυκλὰς
2292 3335 2442 3384 Ἀρκάδος

478 3400 544 3436 γων
560 3383 687 3434 πυρσοί.
702 3390 740 3419 R.

1488 3386 1594 3427 κυνῆς.
1611 3400 1625 3416 υ
1639 3384 1722 3434 φασὶ
1736 3383 1770 3420 δὲ
1787 3384 1842 3420 καὶ
1867 3385 1980 3421 κυνέαν
2005 3385 2059 3421 τὸν
2073 3385 2212 3423 πέτασον
2236 3386 2383 3437 λέγεσθαι
2407 3390 2439 3425 ἐν
