2931 4012
1138 436 1371 473 SCHOLIA
1406 436 1457 473 IN
1493 437 1675 475 NUBES.
2347 449 2390 480 87

469 533 525 557 12¹.
552 520 627 570 [οὐκ
640 519 703 570 ἄρα
713 517 760 567 μὰ
769 517 828 563 τὴν
838 518 1000 568 Δήμητρα
1013 530 1022 555 :
1037 518 1180 559 Εἰκότως
1191 517 1250 563 τὴν
1264 517 1377 565 Δήμη-

1405 548 1411 580 1
1433 520 1537 568 σχολῇ
1555 518 1676 555 κατιὼν
1693 515 1890 568 σταλαγμός.
1909 524 1994 555 sunt.
2013 520 2275 571 στραγγεύομαιε
2296 523 2389 560 Ἀνα-

416 589 479 624 τρα
504 574 649 622 ὄμνυσιν,
669 573 739 609 ἐπεὶ
756 573 831 623 περὶ
850 575 975 623 τροφῶν
999 571 1124 620 δλόγος
1150 572 1229 609 ἐστί.
1257 571 1378 608 τούτων
1407 586 1411 610 ι
1433 572 1564 617 ὃάλλω,
1587 573 1644 610 καὶ
1672 572 1838 623 διατρίὸω.
1865 573 2024 624 βραδύνω.
2042 583 2097 612 Br.
2118 577 2225 626 ἀργῶν
2240 576 2391 620 πιέζομαι

416 628 479 680 γὰρ
503 632 524 674 ἡ
543 628 611 671 θεὸς
640 626 788 678 εὑρετίς]
814 626 878 664 ἔδει
906 639 915 664 2
943 626 1013 663 ἀντὶ
1041 629 1096 662 τοῦ
1119 624 1233 676 φάγει,
1259 624 1378 676 θρέψει.
1406 613 1412 678 Ι
1433 625 1489 663 καὶ
1505 627 1727 676 συνθλίὸομαι.
1751 636 1829 667 Vict.
2332 614 2338 626 ⁵

413 684 515 722 R.v.'

378 749 397 773 ε
467 750 522 775 122.
549 737 614 774 οὔθ’
640 739 658 773 ὁ
675 735 778 786 ζύγιος
799 735 865 773 οὗθ’
890 737 908 772 ὃ
932 733 1126 785 σαπφόραςε
1153 732 1265 781 Ζύγιοι
1283 732 1381 770 ἵπποι

415 794 589 830 καλοῦνται
610 794 641 829 οἱ
665 789 920 839 ὖποὸαλλόμενοι
947 791 994 839 τῷ
1018 792 1075 825 τοῦ
1102 788 1246 838 ἅρματος
1274 790 1378 837 ζυγῷ,

413 845 578 895 τουτέστιν
592 848 610 882 ὁ
627 844 725 895 μέσος
741 843 839 888 δεξιὸς
855 843 911 880 καὶ
929 845 947 880 ὁ
972 842 1068 892 μέσος
1081 841 1255 893 ἀριστερός.
1272 841 1378 893 [σαπ-

415 900 512 952 φόραι
527 900 560 937 δὲ
579 902 609 937 οἱ
631 906 733 950 σῖγμα
751 899 877 949 ἔχοντες
893 897 967 948 περὶ
984 897 1038 934 τὸν
1057 896 1170 948 μηρόν.
1186 895 1242 934 καὶ
1256 896 1307 933 διὰ
1322 900 1379 933 τοῦ

416 970 444 1005 μ
468 955 526 992 καὶ
549 970 575 991 π
606 953 794 1006 γράφεται]
820 979 866 987 -
894 951 1063 1003 σαμφόρας
1092 953 1110 987 ὁ
1144 950 1229 1001 ἔχων
1259 951 1304 992 εἰς
1324 949 1378 986 τὸν

363 1022 398 1047 10
416 1009 519 1061 μηρὸν
542 1024 573 1047 σ.
586 1016 622 1046 R.

465 1075 522 1101 12³.
551 1065 634 1112 (ἀλλ’
644 1062 741 1106 ἐξελῶ
756 1062 785 1099 σ’
798 1063 831 1104 ἐς
844 1061 986 1112 κόρακας
1000 1073 1008 1098 :
1022 1060 1108 1098 Ἀλλ’
1123 1059 1254 1096 ἐκὸαλῶ
1272 1073 1307 1096 σε
1322 1060 1379 1096 καὶ

415 1117 583 1161 ἀποδιώξω
595 1120 632 1155 ἐκ
647 1120 705 1162 τῆς
718 1116 821 1158 οἰκίας
833 1119 891 1161 τῆς
908 1117 998 1163 ἐμῆς.
1020 1115 1214 1165 τραχύτερον
1232 1114 1265 1150 δὲ
1290 1115 1378 1164 αὐτῷ

414 1172 597 1222 διαλέγεται
606 1172 662 1209 καί
675 1171 902 1222 ἀπηνέστερον,
917 1170 967 1206 ὅτι
980 1169 1039 1214 τὴν
1056 1169 1171 1206 ἐλπίδα
1185 1172 1241 1206 τοῦ
1256 1168 1378 1205 πείσειν

413 1229 508 1266 αὐτὸν
524 1227 697 1275 ἀπώλεσε.)

360 1292 395 1318 ιε
465 1295 522 1320 124.
549 1281 640 1332 [ἀλλ’
656 1282 693 1317 οὗ
707 1278 893 1331 περιόψεταί
910 1292 952 1326 με
969 1291 978 1316 :
995 1277 1091 1319 Εἰκὸς
1103 1277 1167 1328 γὰρ
1179 1272 1217 1322 ἦν
1231 1277 1287 1314 καὶ
1303 1280 1378 1314 τοῦ-

413 1353 480 1384 τον,
509 1334 742 1385 σεμνυνόμενον
771 1333 825 1370 ἐπὶ
841 1333 911 1374 ταῖς
934 1332 1020 1383 τρισὶ
1040 1332 1142 1374 νίκαις
1166 1335 1222 1369 τοῦ
1239 1331 1376 1382 πατρὸς,

413 1393 548 1438 ἥδεσθαι
575 1391 630 1427 τὸν
647 1389 813 1426 νεανίσκον
830 1390 954 1438 ὁρῶντα
978 1387 1214 1437 μετερχόμενον
1234 1387 1277 1423 τὰ
1292 1401 1377 1438 προ-

414 1447 526 1493 γονικὰ
541 1442 815 1493 ἐπιτηδεύματα]

465 1514 522 1538 125.
540 1500 679 1537 ἄνιππον
700 1512 709 1537 :
730 1498 839 1535 ἵππων
863 1495 1085 1548 ἐστερημένον.
1112 1499 1169 1533 σοῦ
1190 1508 1199 1534 :
1223 1499 1288 1533 τῶν
1310 1498 1375 1533 σῶν

362 1568 398 1593 20
414 1558 566 1593 ἀπειλῶν.
584 1562 620 1591 R.
712 1600 719 1604 ι

465 1612 545 1659 (128).
573 1609 643 1646 ἀλλ’
664 1608 729 1646 οὐδ’
749 1606 814 1657 ἐγὼ
829 1606 939 1656 μέντοι
955 1618 964 1643 :
991 1606 1076 1643 Ἀλλ’
1102 1606 1168 1642 οὔδ’
1186 1604 1249 1654 ἐγὼ
1265 1605 1375 1654 μέντοι

415 1663 605 1714 [ἀθυμήσω,
637 1662 716 1699 διότι
745 1660 791 1709 μὴ
819 1659 959 1697 πέπεικα
984 1659 1038 1696 τὸν
1068 1659 1146 1704 υἱὸν,
1175 1658 1247 1696 οὐδὲ
1265 1658 1374 1697 τέλεον

418 1718 635 1769 ἀφέξομαιτῆς
648 1716 780 1766 γνώμης
793 1719 851 1760 τῆς
865 1713 1086 1766 προκειμένης.
1103 1708 1182 1763 οἷον,
1194 1714 1249 1763 οὔ]
1262 1729 1374 1764 παρα-

415 1771 508 1808 δώσω
521 1770 658 1819 ἐμαυτὸν
675 1775 746 1812 ταῖς
756 1769 883 1811 λύπαις.
895 1790 943 1796 -
956 1770 1015 1805 οὔκ
1030 1768 1196 1816 ἀθυμήσω.
1214 1774 1250 1804 R.

364 1842 397 1866 ιε,
464 1827 544 1874 (127).
572 1825 741 1873 διδάξομαι
757 1837 766 1861 :
780 1826 848 1862 Νῦν
861 1823 919 1872 μὲν
934 1825 1118 1866 παθητικῶς
1133 1822 1323 1860 ἀποδεκτέον
1338 1823 1376 1860 τὸ

416 1879 593 1928 διδάξομαι.
612 1877 761 1929 βούλεται
772 1877 835 1927 γὰρ
851 1876 956 1924 λέγειν
972 1876 1223 1927 διδαχθήσομαι.
1252 1875 1319 1913 ἔστι
1340 1877 1374 1914 δὲ

415 1937 477 1973 τῶν,
508 1933 627 1981 μέσων·
652 1930 830 1976 παθητικὸν
864 1930 927 1980 γὰρ
959 1929 1026 1980 ἔχει
1055 1930 1110 1966 τὸν
1131 1930 1374 1980 σχηματισμὸν,

415 1989 575 2039 ἐνέργειαν
615 1985 649 2023 δὲ
684 1987 785 2031 δηλοῖ.
822 1984 990 2032 διδάξομαι
1021 1984 1054 2020 δὲ
1089 1984 1143 2021 τὸν
1175 1984 1241 2021 υἱὸν
1281 1987 1374 2036 φιλο-

414 2047 521 2092 σοφεῖν
548 2038 739 2089 κυριώτερον
763 2038 785 2083 ἢ
814 2037 941 2080 διδάξω.
969 2036 1086 2080 διδάξω
1112 2036 1169 2086 μὲν
1200 2038 1265 2089 γὰρ
1284 2041 1303 2075 ὁ
1329 2041 1375 2076 δι-

364 2111 398 2135 ao
415 2096 577 2136 δάσκαλος
604 2095 686 2145 ε’ρεῖ,
715 2092 884 2141 διδάξομαι
917 2091 951 2128 δὲ
981 2094 998 2128 ὁ
1033 2091 1142 2143 πατὴρ
1176 2092 1233 2130 καὶ
1269 2100 1333 2136 πᾶς
1358 2098 1376 2132 ὁ

412 2147 607 2201 παραδιδοὺς
622 2148 728 2199 ἕτερον
741 2145 923 2196 μανθάνειν.
936 2146 1069 2183 δύναται
1085 2142 1140 2184 οὖν
1153 2147 1210 2184 καὶ
1228 2151 1282 2185 νῦν
1294 2143 1376 2186 εἶναι

413 2205 451 2242 τὸ
472 2203 568 2249 αὐτὸ,
581 2203 622 2240 ἵν’
645 2197 667 2253 ᾖ
692 2200 862 2250 νοούμενον
886 2200 1075 2247 διδάξομαι,
1088 2201 1159 2238 ἐπεὶ
1174 2204 1210 2239 οὗ
1223 2202 1277 2239 τὸν
1295 2204 1375 2253 υἱὸν,

414 2257 564 2307 ἐμαυτόν.
628 2260 685 2294 τοῦ
700 2255 817 2307 μέτρου
837 2257 895 2292 οὐκ
916 2254 1140 2307 ἐπιτρέποντος
1160 2256 1262 2292 εἰπεῖν
1286 2257 1376 2294 διδά-

415 2313 475 2359 ξω,
500 2312 561 2363 ἔφη
591 2311 759 2360 διδάξομαι
781 2310 875 2353 αὐτὸς
895 2310 1031 2360 βαδίζων
1057 2312 1101 2352 εἰς
1123 2309 1161 2346 τὸ
1185 2312 1377 2360 φροντιστή-

363 2391 397 2415 ³6
415 2382 493 2419 ριον.
544 2365 692 2416 [Ἄλλως.
711 2365 782 2402 ἀντὶ
801 2368 873 2410 τοῦ,
885 2363 1071 2414 διδασκάλῳ
1087 2363 1284 2414 παραδώσω·
1304 2367 1375 2403 ἐπεὶ

396 2422 512 2471 -μέσον
533 2421 568 2458 ὃν
585 2421 621 2458 τὸ
640 2419 828 2468 διδάξομαι,
854 2419 933 2469 πρὸς
949 2417 1049 2469 ἄμφω
1060 2417 1117 2461 τὰς
1131 2419 1290 2469 ἐνεργείας
1303 2435 1375 2470 χω-

413 2477 490 2527 ρεῖ.]
503 2496 550 2504 —-
569 2473 820 2523 διδαχθήσομαι.
838 2474 874 2504 R-

464 2531 550 2578 (mo).
577 2531 645 2569 πῶς
660 2522 715 2564 οὖν
728 2525 828 2577 γέρων
842 2525 887 2562 ὢν
906 2538 916 2563 :
932 2526 1060 2575 [Ταῦτα
1077 2526 1148 2563 καθ’
1161 2526 1275 2563 ἑαυτὸν
1285 2528 1374 2577 λογί-

413 2588 502 2628 ζεται
520 2585 552 2620 ἐν
576 2585 623 2631 τῷ
648 2580 806 2629 ἀπιέναι.]
827 2580 865 2616 τὸ
888 2580 922 2616 δὲ
943 2580 1061 2630 βραδὺς
1086 2584 1142 2620 νῦν
1165 2581 1224 2617 οὗκ
1245 2581 1299 2618 ἐπὶ
1319 2585 1377 2627 τῆς

364 2659 398 2684 ⁴0
412 2643 468 2676 τοῦ
487 2637 638 2685 σώματος
660 2633 815 2679 κινήσεως
830 2633 1045 2684 παρείληφεν,
1067 2632 1152 2669 ἀλλὰ
1181 2633 1219 2670 τὸ
1244 2634 1290 2682 μὴ
1317 2637 1377 2684 ἀγ·

412 2693 520 2743 χίνουν
530 2691 586 2729 καὶ
599 2690 697 2732 νωθὲς
711 2692 768 2734 τῆς
777 2687 918 2730 διανοίας
929 2689 1047 2733 δηλοῦν
1057 2687 1170 2725 ἐθέλει.
1180 2709 1229 2716 ——
1239 2689 1309 2725 ἀντὶ
1321 2693 1375 2726 τοῦ

414 2746 460 2796 μὴ
477 2745 635 2795 ἀγχίνους.
652 2752 688 2781 R.

465 2813 522 2838 130.
548 2799 650 2848 λόγων
669 2798 811 2849 ἀκριὸῶν
841 2796 1057 2845 σκινδαλμοὺς
1074 2810 1083 2835 :
1105 2796 1238 2847 [Λόγων
1257 2799 1374 2847 ἰσχνῶν

412 2854 631 2905 λεπτολογίας.
653 2852 760 2890 λεπτὰ
780 2850 842 2902 γὰρ
860 2850 916 2888 καὶ
942 2849 1039 2901 ἰσχνὰ
1059 2850 1103 2888 τὰ
1120 2853 1184 2888 τῶν
1200 2850 1303 2901 λόγων
1320 2855 1377 2899 ζη-

364 2928 397 2952 ⁴5
412 2909 555 2958 τήματα.
571 2906 784 2955 σκινδαλμοὺς
801 2905 835 2942 δὲ
849 2904 1071 2954 λεπτολογίας·
1089 2905 1154 2942 ἀπὸ
1169 2908 1227 2950 τῆς
1238 2905 1376 2955 σχίσεως

413 2966 477 3000 τῶν
493 2961 679 3011 καλάμων]
694 2960 842 3010 ἐξήγησις
855 2959 911 2997 καὶ
926 2959 1137 3010 ἕπεξεργασία
1153 2962 1217 2996 τῶν
1231 2960 1375 3011 ἀκριόῶν

412 3017 518 3066 λόγων
532 3019 561 3054 οἱ
579 3015 779 3064 σκινδαλμοί.
799 3013 886 3057 ἰδίως
906 3013 970 3065 γὰρ
983 3013 1197 3062 σκινδαλμοὺς
1211 3017 1375 3064 καλοῦμεν

413 3071 454 3107 τὰ
466 3071 648 3107 λεπτότατα
659 3073 724 3107 τῶν
736 3069 837 3113 ξύλων
846 3067 955 3105 καὶτὰ
968 3070 1031 3105 τῶν
1045 3067 1202 3116 καλάμων
1215 3067 1374 3117 ξύσματα.

413 3129 507 3162 τοῦτο
532 3124 566 3162 δὲ
588 3124 642 3161 ἐπὶ
663 3123 727 3169 ’μὲν
754 3125 812 3167 τ’ἧς
839 3121 961 3164 εὐθείας
985 3121 1142 3167 ὀξύνεται,
1167 3122 1221 3158 ἐπὶ
1247 3121 1282 3159 δὲ
1310 3125 1375 3160 τῶν

390 3205 397 3221 ,
414 3178 561 3227 πλαγίων
574 3176 799 3227 παροξύνεται.
818 3174 965 3223 -λέγει
981 3174 1015 3212 δὲ
1029 3175 1085 3218 τὰς
1100 3176 1322 3226 λεπτολογίας.
1338 3180 1373 3210 R.

467 3245 520 3269 131.
547 3231 730 3281 πορευτέον.
741 3229 812 3267 ἀντὶ
826 3233 881 3266 τοῦ
898 3228 1052 3279 διατρίὸω
1066 3229 1123 3266 καὶ
1138 3230 1327 3278 ἀναδύομαι.
1337 3237 1372 3266 R.

412 3285 583 3336 πορευτέον
601 3299 610 3322 :
629 3283 858 3333 ἀναὸἀλλομαι
870 3285 913 3322 V.
928 3283 959 3320 τί
971 3283 1061 3320 ταῦτ’
1082 3283 1165 3333 ἔχων
1180 3284 1371 3334 στραγγεύο-

414 3356 474 3390 μαι
491 3354 499 3378 :
514 3340 577 3377 Διὰ
590 3340 620 3376 τί
638 3340 726 3377 ταῦτ’
743 3339 826 3389 ἔχων
843 3339 928 3375 κατὰ
943 3342 1033 3383 νοῦν,
1052 3336 1204 3386 πιέζομαι
1221 3339 1277 3376 καὶ
1296 3354 1374 3376 συν-

413 3397 583 3445 θλίὸομαι,
613 3395 731 3446 στρὰγξ
757 3396 793 3432 δέ
823 3398 924 3445 ἔστιν,
952 3397 970 3431 ὁ
995 3393 1049 3430 διὰ
1072 3392 1270 3438 λεπτοτάτης
1293 3395 1375 3438 ὀπῆς

1406 679 1411 708 3
1483 681 1568 730 (ιω).
1595 680 1666 718 ἀλλ’
1683 680 1756 730 οὐχὶ
1764 679 1874 717 κόπτω
1886 680 1945 726 τὴν
1959 682 2057 734 θύραν
2069 696 2077 721 :
2092 684 2193 733 [Ἀλλ’
2204 687 2262 723 οὐκ
2274 687 2392 736 ἔχομαι

1432 737 1496 771 τῶν
1508 735 1744 785 ἕγνωσμένων.]
1753 739 1846 773 τοῦτο
1859 734 1893 773 δὲ
1904 737 2175 788 παρεγκύκλημα.
2194 742 2243 778 δεῖ
2253 742 2316 792 γὰρ
2331 743 2390 779 αὖ·
2408 760 2425 785 5

1432 788 1486 825 τὸν
1501 790 1601 827 ἐλθεῖν
1618 791 1674 827 καὶ
1688 789 1786 841 κόψαι
1802 789 1862 834 τὴν
1879 790 1977 841 θύραν
1993 796 2050 829 τοῦ
2064 794 2265 844 Σωκράτους.
2284 811 2392 847 παρα-

1431 844 1587 894 τηρητέον
1602 844 1636 881 δὲ
1648 844 1697 881 ὅτι
1714 844 1767 880 ἐπὶ
1782 843 1841 892 μὲν
1855 847 1919 882 τῶν
1938 845 2051 888 ἔξωθεν
2070 848 2248 899 κρουόντων
2262 851 2392 889 κόπτειν

1432 898 1576 947 λέγεται,
1591 899 1644 936 ἐπὶ
1658 899 1691 935 δὲ
1705 900 1769 935 τῶν
1787 898 1904 935 ἔσωθεν
1914 902 2038 951 ψοφεῖν.
2053 903 2185 950 [ἱκανῶς
2195 904 2229 941 δὲ
2238 906 2391 942 διέστειλε

1433 952 1632 1004 Μένανδρος,
1647 953 1702 990 ἐπὶ
1719 952 1778 1001 μὲν
1797 955 1861 989 τῶν
1878 953 1959 999 ἔξω,
1978 973 1992 987 «ι
2010 955 2102 1006 κόψω
2125 957 2183 1002 τὴν
2198 957 2296 1009 θύραν
2312 977 2325 992 υ
2344 962 2391 996 εἰ-

1431 1006 1513 1057 πὼν,
1533 1008 1587 1046 ἐπὶ
1605 1006 1639 1044 δὲ
1660 1009 1724 1044 τῶν
1748 1006 1814 1043 ἔσω
1831 1024 1846 1039 α
1872 1007 2013 1059 ἐψόφηκε
2029 1009 2089 1055 τὴν
2115 1010 2213 1062 θύραν
2225 1012 2340 1056 ἐξιών.
2359 1015 2388 1063 ιι]
2408 1027 2440 1052 10

1432 1084 1481 1090 —-
1496 1063 1567 1100 ἀλλ’
1584 1062 1658 1113 οὐχὶ
1671 1061 1788 1112 κρούω.
1807 1069 1842 1099 R.

1482 1130 1538 1155 133.
1568 1118 1662 1167 βάλλ’
1679 1120 1710 1162 ἐς
1726 1120 1890 1172 κόρακας;
1911 1119 2036 1170 [Ἄπιθι
2056 1121 2088 1161 ἐς
2101 1119 2253 1170 κόρακας.
2271 1121 2340 1159 ἔστι
2358 1122 2392 1160 δὲ

1430 1172 1590 1221 παροιμία
1603 1173 1657 1211 ἐπὶ
1668 1174 1810 1224 κατάρας
1821 1173 2011 1223 λεγομένη]
2021 1173 2091 1210 ἀντὶ
2100 1177 2157 1211 τοῦ
2172 1176 2216 1217 εἰς
2228 1175 2392 1214 ἀπώλειαν

1430 1227 1487 1263 καὶ
1493 1227 1624 1278 φθοράν.
1641 1229 1793 1271 Βοιωτοῖς
1806 1227 1869 1279 γὰρ
1879 1227 2069 1269 ἀναστάτοις
2080 1227 2141 1265 ὕπὸ
2149 1230 2183 1267 Θ
2212 1232 2290 1280 ,κῶν
2301 1246 2393 1281 γενο-

1431 1281 1537 1329 μένοις
1557 1281 1704 1333 καὶπερὶ
1729 1282 1881 1324 ἀποικίας
1903 1282 2149 1330 μαντευομένοις
2168 1298 2183 1320 ε
2197 1298 2256 1320 πεν
2282 1289 2299 1322 ὁ
2322 1287 2391 1329 θεὸς
2412 1297 2441 1321 ιε»

1431 1336 1497 1372 ἐκεῖ
1514 1338 1686 1382 κατοικεῖν,
1699 1336 1774 1374 ἔνθα
1795 1336 1833 1374 ἂν
1851 1337 1943 1373 ἴδωσι
1960 1337 2072 1373 λευκὸν
2095 1337 2230 1388 κόρακα.
2258 1341 2286 1375 οἱ
2303 1341 2331 1377 δ’
2359 1344 2392 1378 ἐν

1429 1391 1596 1441 Θετταλία
1612 1390 1703 1441 παρὰ
1724 1391 1779 1428 τὸν
1802 1391 2035 1440 Παγασητικὸν
2060 1391 2180 1429 κόλπον
2204 1388 2287 1430 εἶδον
2301 1409 2391 1446 περι-

1431 1444 1622 1493 ιπταμένους
1641 1444 1713 1487 τοὺς
1737 1449 1792 1482 τοῦ
1818 1440 2018 1487 Ἀπόλλωνος
2039 1445 2143 1496 ἱεροὺς
2162 1446 2315 1496 κόρακας,
2340 1449 2393 1492 οὓς

1429 1500 1543 1541 παῖδες
1560 1501 1688 1550 ἀφῆκαν
1708 1499 1915 1550 γυψώσαντες
1931 1499 1994 1536 ὕπὸ
2017 1498 2134 1547 μέθης,
2155 1500 2211 1536 καὶ
2231 1504 2393 1541 τελεῖσθαι

1429 1552 1483 1589 τὸν
1499 1553 1648 1604 χρησμὸν
1665 1554 1824 1604 φήσαντες
1847 1555 1983 1591 ἐνταῦθα
2002 1552 2209 1605 κατῴκησαν.
2228 1557 2257 1593 οἳ
2275 1555 2392 1594 &inb
2408 1577 2442 1602 20

1429 1610 1484 1643 τοῦ
1500 1606 1582 1657 ζῴου
1601 1606 1752 1657 λέγεσθαι
1772 1607 1832 1653 τὴν
1849 1607 2027 1659 παροιμίαν
2052 1607 2161 1658 φασίν.
2187 1610 2220 1646 ἐν
2238 1610 2300 1661 γὰρ
2327 1615 2393 1654 τοῖς

1429 1661 1634 1712 ἐρημοτέροις
1649 1661 1759 1705 τόποις
1775 1663 1923 1712 ἐπιτηρεῖ
1933 1662 1975 1698 τὰ
1989 1661 2161 1711 πτώματα.

1480 1729 1538 1753 134.
1567 1716 1757 1753 Κικυννόθεν
1778 1730 1787 1753 :
1803 1719 1915 1765 Δῆμος
1930 1719 1960 1753 οἱ
1977 1719 2137 1761 Κικυννῆς
2151 1721 2208 1763 τῆς
2224 1719 2392 1768 Ἀκαμαν-

1429 1771 1514 1812 τίδος
1528 1771 1630 1821 φυλῆς
1639 1800 1650 1819 ,
1663 1770 1752 1820 [ἔνθα
1767 1771 1880 1820 ἄγεται
1894 1770 2005 1807 καὶτὰ
2019 1771 2245 1823 Ἂπολλώνια].

1480 1837 1537 1862 1³⁶.
1564 1825 1713 1875 [ἀμαθής
1728 1840 1764 1874 γε
1778 1824 1817 1870 νὴ
1833 1825 1895 1862 Δία
1912 1838 1921 1862 :
1938 1824 2084 1870 Ἰδιώτης
2099 1826 2156 1862 καὶ
2168 1828 2391 1879 ἀπαίδευτος]
2409 1845 2442 1868 25

1480 1897 1536 1922 1³6.
1564 1885 1822 1934 ἀπεριμερίμνως
1837 1899 1847 1923 :
1865 1884 2046 1929 Ἀσκόπως,
2064 1886 2196 1933 ἀμαθῶς
2211 1887 2281 1935 [καὶ
2297 1888 2393 1925 ἀπεί-

1431 1955 1492 1990 ρως
1506 1938 1562 1976 καὶ
1570 1938 1860 1988 ἀνεπιστημόνως].
1870 1940 1908 1976 τὸ
1917 1938 1951 1976 δὲ
1964 1938 2158 1982 λελάκτικας
2173 1941 2390 1991 σφοδρότητος

1429 1993 1486 2030 καὶ
1504 1993 1576 2043 βίας
1592 1993 1661 2030 ἐστὶ
1676 1993 1887 2042 σημαντικόν.
1903 1992 2013 2043 διόπερ
2027 1993 2083 2030 καὶ
2097 1992 2156 2038 τὴν
2171 1993 2294 2044 μέμψιν
2308 1997 2393 2041 ἐπη-

1429 2063 1539 2097 γαγεν,
1557 2048 1610 2098 [οὗ
1633 2048 1670 2084 τὸ
1691 2051 1827 2098 κροῦσαι
1848 2049 1904 2084 καὶ
1925 2047 1963 2084 τὸ
1983 2049 2171 2097 προσελθεῖν
2193 2047 2393 2097 αἰτιώμενος·

1429 2101 1502 2139 οὐδὲ
1511 2102 1576 2154 γὰρ
1589 2101 1667 2153 πρὸς
1683 2101 1856 2154 φιλοσόφου
1868 2102 1907 2139 τὸ
1922 2107 1989 2144 τοῖς
2002 2101 2163 2151 δεομένοις
2177 2102 2223 2151 μὴ
2238 2104 2393 2155 παρέχειν
2410 2124 2444 2149 ³0

1428 2161 1485 2194 τοῦ
1502 2156 1643 2193 συνιέναι
1659 2156 1814 2198 ἐξουσίαν·
1836 2156 1890 2193 τὸν
1904 2156 1939 2193 δὲ
1958 2155 2077 2207 τρόπον
2097 2156 2322 2207 μεμφόμενος,
2343 2158 2393 2196 ὅτι

1432 2210 1618 2262 βιαιοτέρως
1635 2210 1748 2248 ἔπαισε
1765 2210 1824 2256 τὴν
1847 2210 1961 2262 θύραν,
1980 2212 2025 2253 ὣς
2047 2211 2304 2262 διαταραχθῆναι
2321 2213 2395 2256 τοὺς

1430 2266 1753 2317 ἐμφιλοσοφοῦντας]
2320 2266 2342 2269 ””

1481 2339 1539 2364 1³⁷.
1567 2326 1779 2375 ἐξήμὸλωκας
1803 2338 1812 2363 :
1839 2326 1851 2373 (
1859 2325 2020 2373 Ἧμιτελῆ
2052 2324 2216 2371 eidemq,
2244 2326 2392 2371 ἐξέωσας.

1429 2380 1639 2429 ἐξαμὸλῶσαι
1658 2379 1692 2417 δὲ
1712 2379 1828 2430 κυρίως
1849 2380 1904 2415 ἐπὶ
1927 2381 1991 2415 τῶν
2008 2381 2166 2428 γυναικῶν
2182 2380 2312 2429 λέγεται
2329 2385 2393 2419 τῶν
2407 2405 2442 2431 ³5

1430 2435 1670 2486 ἀποτικτουσῶν
1687 2436 1814 2478 θᾶττον,
1831 2434 1868 2470 οὗ
1884 2432 1969 2469 κατὰ
1983 2432 2038 2469 τὸν
2053 2435 2117 2469 τῶν
2130 2433 2253 2470 ὠδίνων
2267 2435 2323 2480 καὶ
2336 2438 2394 2480 τῆς

1429 2487 1600 2538 κυοφορίας
1629 2487 1738 2536 νόμον.
1761 2487 1818 2524 καὶ
1840 2486 1876 2523 τὸ
1901 2486 2072 2536 φάρμακον
2095 2486 2128 2523 δὲ
2152 2487 2190 2524 τὸ
2207 2487 2309 2526 αἴτιον
2335 2493 2392 2526 τοῦ

1431 2540 1609 2589 ἐξαμὸλοῦν
1627 2540 1685 2582 τὰς
1705 2541 1860 2589 γυναῖκας
1880 2538 2085 2589 ἀμόλώθριον
2106 2541 2284 2591 καλεῖται.)
2306 2542 2394 2586 ἰδίως

1431 2594 1465 2631 δὲ
1481 2598 1536 2631 ν’ὖν
1557 2595 1610 2631 ἐπὶ
1625 2594 1805 2645 φιλοσόφων
1822 2593 1881 2638 τὴν
1900 2593 2065 2644 φροντίδα·
2082 2594 2153 2630 ἐπεὶ
2166 2595 2223 2631 καὶ
2235 2611 2393 2645 μεριμνο-

1430 2648 1620 2699 φροντιστὰς
1640 2647 1775 2685 ἐκάλουν
1792 2647 1924 2693 αὐτοὺς,
1938 2649 1981 2689 ὥς
1993 2649 2155 2697 προεῖπεν.
2173 2650 2245 2698 (τοῦ
2266 2649 2301 2687 δέ
2318 2652 2393 2689 Σω-
2409 2679 2444 2704 ω

1430 2703 1566 2754 κράτους
1583 2702 1746 2751 λέγοντος,
1761 2701 1812 2739 ὅτι
1825 2702 1942 2751 τέχνην
1961 2701 2030 2751 ἔχω
2043 2702 2103 2748 τὴν
2120 2704 2321 2751 μαιευτικὴν,
2335 2707 2393 2744 καὶ

1431 2756 1485 2794 διὰ
1505 2757 1625 2802 ταύτης
1641 2759 1723 2794 ποιῶ
1739 2756 1812 2798 τοὺς
1831 2755 1920 2798 νέους
1936 2756 2119 2794 ἀποτίκτειν
2136 2757 2177 2794 τὰ
2193 2758 2343 2807 νοήματα
2360 2761 2394 2798 ἐν

1428 2815 1470 2863 τῇ
1488 2814 1609 2849 ἑαυτῶν
1623 2814 1730 2862 ψυχῇ,
1748 2815 1841 2848 τοῦτο
1854 2814 1910 2847 νῦν
1927 2812 2081 2861 κωμῳδεῖ
2095 2812 2323 2864 Ἀριστοφάνης
2340 2815 2393 2852 διὰ

1428 2870 1484 2904 τοῦ
1491 2865 1732 2914 ἐξήμὸλωκας.)
1739 2886 1788 2894 —
1794 2866 1893 2910 ἀτελῆ
1901 2865 2068 2910 ἐποίησας.
2083 2873 2119 2902 R.
2131 2870 2272 2914 ἡμιτελῆ·
2279 2870 2389 2915 ἐπόίη-

1429 2935 1490 2962 σας
1503 2919 1699 2970 διαφθείρας.
1715 2927 1787 2963 Br.,
1810 2926 1883 2956 vict.
1900 2918 2110 2970 ἐξευρημένην
2127 2933 2136 2958 :
2154 2921 2390 2972 Ἐπινενοημέ-
2409 2947 2443 2971 4⁶

1428 2990 1500 3020 νην.
1515 2983 1551 3012 R.
1565 2982 1606 3010 v.

1480 3047 1536 3072 138.
1562 3035 1661 3079 τηλοῦ
1678 3032 1743 3084 γὰρ
1759 3034 1839 3069 οἰκῶ
1850 3035 1916 3070 τῶν
1931 3034 2061 3083 ἀγρῶνὶ
2077 3032 2182 3083 [Ἀντὶ
2195 3038 2268 3080 τοῦ,
2282 3037 2314 3071 ἐν
2330 3039 2396 3077 τοῖς

1429 3087 1707 3139 ἀγροῖς.]-πρὸς
1717 3087 1753 3124 τὸ
1766 3091 1892 3137 σχῆμα.
1903 3086 1987 3123 οὕτω
2000 3089 2145 3136 χρῶνται
2158 3087 2321 3137 πόρρωθεν
2335 3089 2390 3125 ἐπὶ

1428 3146 1492 3181 τῶν
1512 3145 1619 3194 ἀγρῶν
1641 3142 1691 3180 ὅτι
1713 3141 1860 3192 ἀγροῖκός
1881 3143 1958 3189 εἰμι.
2034 3140 2185 3188 (Ἄλλως.
2208 3142 2388 3192 ἀμφίὸολον

1429 3198 1563 3248 πότερον
1579 3196 1666 3245 λέγει
1685 3196 1798 3246 πόρρω
1819 3198 1883 3232 τῶν
1907 3196 2013 3244 ἀγρῶν
2037 3195 2149 3230 ἑαυτὸν
2168 3198 2341 3244 κατοικεῖν,
2367 3196 2388 3241 ἢ
2408 3222 2441 3246 ⁶0

1429 3254 1461 3288 ἐν
1476 3257 1541 3293 τοῖς
1559 3250 1686 3300 μακρὰν
1714 3249 1770 3285 καὶ
1793 3249 1875 3285 πολὺ
1895 3252 1954 3293 τῆς
1975 3248 2098 3289 πόλεως
2116 3250 2285 3297 ἀπέχουσι.
2297 3250 2392 3287 λέλε-

1428 3320 1503 3342 κται
1519 3305 1552 3342 δὲ
1568 3304 1647 3341 αὐτὸ
1664 3302 1754 3353 παρὰ
1769 3303 1806 3339 τὸ
1819 3302 2038 3352 Εὐριπίδειον,
2053 3302 2132 3351 ὅπερ
2147 3302 2246 3345 οὕτως
2263 3303 2347 3354 ἔχει,

1543 3404 1631 3438 τηλοῦ
1641 3402 1696 3441 γὰρ
1705 3402 1792 3432 οἴκων
1805 3401 1900 3440 βίοτον
1909 3399 2123 3440 ἐξῑδῡυσάιιην·)
