2931 4012
544 446 613 478 260

591 530 648 554 000.
677 516 752 563 μηδ’
775 510 817 550 αὖ
833 512 988 558 πλαδδείη
1007 525 1016 549 :
1037 511 1130 556 Μηδὲ
1147 511 1282 556 πλησίον
1299 509 1421 559 γένοιτό
1440 523 1494 557 μοι

542 572 579 608 τὸ
596 570 710 608 στύειν.

593 637 652 661 001.
677 622 709 659 τί
726 622 753 659 δ’
770 621 839 658 ἐστι’
857 635 907 658 σοι
921 620 990 657 τοδί
1010 633 1019 657 z
1035 619 1085 658 Τὸ
1100 621 1217 656 αἰδοῖον
1231 618 1382 655 δείκνυσι.
1424 648 1436 659 ,

593 677 738 715 σκυτάλα
758 675 933 714 Λακωνικά
951 687 959 712 :
980 675 1086 712 Ξύλον
1105 674 1189 710 ἐστὶν
1210 675 1252 715 εἰς
1265 672 1322 709 δύο
1340 670 1497 719 τεμνόμε-

511 749 527 773 5
544 748 607 770 νον.
631 731 687 768 καὶ
700 732 736 767 τὸ
754 730 811 779 μὲν
830 730 862 765 ἓν
880 729 1001 765 δίδοται
1020 731 1066 780 τῷ
1084 729 1255 778 στρατηγῷ
1278 724 1495 775 ἐξερχομένῳ,

544 788 581 824 τὸ
594 786 627 823 δὲ
644 787 723 822 ἄλλο
736 785 838 822 κεῖται
855 785 887 820 ἐν
902 786 941 833 τῇ
958 782 1060 819 πόλει.

593 854 653 878 ⁹92.
681 839 769 888 εἴπερ
787 852 823 887 γε
836 838 869 888 χ’
886 837 968 882 αὕτη
985 835 1052 874 ’στι
1068 849 1077 874 :
1093 835 1160 874 Καὶ
1171 837 1188 872 ὅ
1202 835 1365 879 Ἀθηναῖος
1376 831 1500 870 δείκνυ·

546 910 596 933 σιν
614 897 702 943 αὐτῷ
718 893 754 929 τὸ
772 895 885 929 ἑαυτοῦ
904 892 1035 929 αἰδοῖον.

595 963 654 987 095.
682 947 762 997 ὀρσά
780 960 788 983 :
810 945 893 996 Ἀντὶ
906 949 960 981 τοῦ
979 944 1069 994 ὀρθή.

502 1015 531 1041 10
595 1009 681 1046 πᾶα,
700 1007 806 1045 πᾶσα,
824 999 922 1041 οὕτως
939 997 1134 1049 Ἡρωδιανὸς
1150 999 1183 1034 ἐν
1200 999 1246 1047 τῷ
1259 995 1334 1046 περὶ
1351 996 1473 1032 παθῶν.

595 1075 653 1100 090.
679 1059 848 1101 Πελλάνας
863 1058 896 1095 δὲ
911 1059 958 1095 δεῖ
975 1071 984 1095 :
1000 1056 1131 1106 Ὀνομα
1142 1055 1289 1106 γυναικὸς
1305 1054 1444 1105 ἑταίρας,
1461 1049 1500 1098 ἦν

547 1117 609 1167 γὰρ
625 1115 702 1166 παρ’
718 1116 823 1156 αὐτοῖς
838 1112 938 1162 πόρνη
953 1111 1106 1156 Πελλήνη
1123 1111 1273 1158 τοῦνομα.
1293 1111 1500 1156 ἐπιθυμοῦσιν

548 1166 602 1208 οὖν
620 1173 677 1214 τῆς
697 1168 836 1218 πόρνης,
858 1166 957 1215 ἤγουν
973 1169 1031 1210 τῆς
1047 1165 1170 1207 πόλεως
1197 1163 1377 1208 Πελλήνης.
1405 1165 1498 1199 ἄντε-

548 1228 694 1263 ποιοῦντο
708 1222 770 1271 γὰρ
788 1223 885 1266 αὐτῆς
898 1222 928 1257 οἱ
945 1219 1106 1261 Λάκωνες.

502 1287 532 1312 1⁵
597 1291 656 1316 907.
683 1277 747 1313 ἀπὸ
765 1279 821 1312 τοῦ
842 1288 850 1312 :
871 1273 948 1311 Ἀπὸ
961 1273 1056 1315 τίνος.

597 1345 655 1370 008.
682 1330 746 1367 ἀπὸ
761 1328 870 1370 Πανός
887 1340 897 1365 :
916 1327 1000 1364 Κατ’
1020 1326 1186 1377 ἐρώτησιν.

598 1392 667 1429 οὔκ.
682 1389 752 1426 ἀλλ’
768 1385 855 1437 ἀρχὰ
866 1385 924 1435 μέν
939 1397 948 1423 2
962 1385 1005 1423 ‘O
1018 1390 1098 1427 νοῦς”
1111 1385 1231 1436 ἤρξατο
1242 1384 1280 1421 τὸ
1294 1384 1393 1421 κακὸν
1408 1387 1503 1420 τοῦτο

550 1445 670 1484 διδόναι
686 1444 763 1492 ἡμῖν
780 1445 802 1487 ἡ
825 1440 1000 1490 Λαμπιτώ.
1026 1443 1083 1478 οἰῶ
1106 1440 1141 1477 δὲ
1168 1439 1251 1489 (κατ’
1276 1437 1405 1488 αὐτοὺς)
1431 1437 1503 1474 ἀντὶ

549 1504 604 1537 τοῦ
622 1499 743 1548 οἴομαι.

501 1567 533 1591 20
600 1567 672 1591 1000.
701 1552 782 1602 ἅπερ
802 1549 965 1601 εὯσπερ.

598 1613 664 1651 ἀπὸ
679 1617 754 1661 μιᾶς
770 1610 966 1659 ὑσπλαγίδος
985 1622 994 1648 :
1024 1608 1200 1659 (Ἀφέσεως.
1230 1607 1409 1657 βαλὸἵδος.)
1437 1604 1504 1642 ἀπὸ

551 1674 627 1717 μιᾶς
644 1666 834 1717 ἀφετηρίας,
848 1665 945 1713 ἤγουν
966 1664 1030 1700 ἀπὸ
1044 1663 1111 1705 ἐνὸς
1123 1662 1255 1704 κανόνος
1268 1661 1325 1699 καὶ
1346 1662 1503 1709 καμπτῆ-

601 1787 675 1813 1001.
702 1773 838 1818 ἀπήλων
857 1785 865 1810 :
885 1772 1083 1817 Ἀπήλασαν.

503 1845 534 1869 20
602 1828 751 1867 ὑσσάκων
772 1841 781 1865 z
802 1829 877 1865 Τῶν
894 1825 1081 1876 γυναικείων
1099 1824 1231 1875 μορίων.

602 1897 676 1922 1002.
704 1882 743 1919 ἃν
759 1881 822 1932 γὰρ
838 1880 897 1917 τὰν
915 1879 1007 1917 πόλιν
1024 1891 1032 1917 :
1048 1882 1079 1917 Τ
1079 1878 1097 1915 ὸ
1115 1878 1235 1916 τέλειον
1249 1877 1321 1914 ἀνά.

603 1950 680 1975 1000.
703 1935 810 1985 ἅπερε
835 1931 978 1983 Ὥσπερ.

601 1997 684 2046 ἅπερ
703 1993 962 2044 λυχνοφορίοντες
981 2006 990 2030 z
1016 1993 1060 2029 Οἱ
1076 1989 1140 2040 γὰρ
1159 1991 1428 2042 λυχνοφοροῦντες
1453 2006 1506 2029 κε-

551 2051 671 2101 κύφασι
686 2049 739 2086 διὰ
755 2048 809 2085 τὸν
827 2047 954 2095 ἄνεμον.

505 2117 538 2141 ao
604 2117 681 2142 1004.
705 2103 778 2141 οὔτε
794 2104 840 2138 τῶ
859 2101 970 2152 μύρτω
992 2101 1091 2149 σίγειν
1113 2112 1122 2137 :
1146 2099 1232 2138 Οὐδὲ
1253 2099 1350 2149 θίγειν
1370 2103 1428 2137 τοῦ
1447 2115 1508 2149 γυ-

553 2158 691 2196 ναικείου
707 2157 831 2207 μορίου.

604 2225 677 2249 1007.
702 2210 792 2248 τουτὶ
809 2209 845 2245 τὸ
862 2214 998 2260 πρᾶγμα
1013 2221 1022 2245 :
1041 2210 1084 2245 Οἱ
1104 2208 1263 2253 Ἀθηναῖοι
1280 2207 1359 2258 πρὸς
1376 2207 1430 2245 τὸν
1447 2206 1508 2251 κή-

555 2281 678 2357 pulania.
705 2317 869 2364 ποτάομαι
887 2328 897 2354 :
916 2318 1122 2366 Δραμοῦμαι.
1139 2315 1337 2364 πετήσομαι.

510 2389 538 2416 85
607 2386 680 2411 1014.
705 2371 853 2421 γυναικὸς
880 2369 1091 2419 ἀμαχώτερον
1115 2381 1124 2407 :
1153 2369 1210 2406 Ἐν
1237 2369 1326 2419 ἄλλῳ
1353 2369 1510 2415 Κινησίας

555 2424 594 2475 ἦν
608 2430 626 2465 ὁ
642 2426 679 2465 λέ
699 2441 755 2463 ων.

549 2498 553 2501 ·
606 2441 700 2520 1010.γ
707 2481 778 2517 ἀλλ’
792 2478 868 2515 ὅταν
888 2476 988 2527 βούλῃ
1004 2476 1043 2513 σύ
1059 2489 1068 2514 :
1088 2476 1165 2515 Ἀπὸ
1181 2480 1288 2514 κοινοῦ
1310 2478 1445 2527 βεόαίαν
1457 2478 1509 2529 φί-

554 2538 613 2581 λην
632 2536 716 2586 ἔχειν
734 2549 787 2583 με.
805 2532 861 2570 καὶ
876 2531 988 2574 ἔξωθεν
1007 2531 1224 2569 ὑπακουστέον
1240 2531 1277 2568 τὸ
1290 2531 1358 2581 ἔχε.

607 2607 680 2632 ¹020.
707 2592 825 2642 γυμνὸν
842 2591 907 2628 ὄνθ’
923 2590 1023 2633 οὕτως
1040 2604 1049 2629 :
1067 2591 1191 2640 Γυμνὸς
1206 2589 1270 2642 γὰρ
1284 2586 1334 2636 ἦν.

508 2661 541 2686 ιο
609 2661 681 2685 102³.
707 2646 763 2683 καὶ
775 2646 849 2682 ’τότ’
864 2645 984 2682 ἀπέδυν
1004 2645 1068 2694 ἐγώ
1092 2658 1102 2682 :
1125 2645 1208 2682 Ἀντὶ
1232 2649 1289 2682 τοῦ
1311 2645 1511 2683 ἀπεδύσαντο

555 2701 642 2739 κατὰ
659 2703 721 2737 τῶν
733 2702 903 2748 γυναικῶν.

607 2771 680 2796 102⁴.
710 2751 777 2806 (εἰτ’
789 2759 825 2793 οὗ
839 2757 1078 2807 καταγέλαστος
1094 2750 1126 2792 εἷ
1142 2769 1151 2793 :
1170 2750 1255 2794 Εἶτα
1272 2758 1308 2794 οὗ
1325 2760 1511 2808 καταγελα-

557 2813 684 2861 σθήσῃ.)
1082 2842 1084 2844 .

608 2879 681 2904 1025.
707 2866 779 2901 τόδε
795 2865 833 2901 τὸ
849 2864 956 2915 θηρίον
972 2877 981 2901 :
996 2863 1067 2908 Τὴν
1085 2863 1218 2912 ἐμπίδα.

507 2936 541 2962 45
608 2933 683 2958 ιωο.
710 2919 826 2961 ἐξεῖλον
846 2930 855 2956 :
875 2918 959 2955 Ἀντί
971 2922 1027 2954 τοῦ
1046 2916 1201 2966 ἐξέλοιμι.

608 2993 681 3018 1027.
709 2978 794 3015 τοῦτ’
813 2977 863 3025 ἄρ’
880 2971 946 3021 ἧκε
967 2976 1009 3013 Ἡ
1027 2975 1123 3023 ἔμπίς
1136 2976 1292 3021 δηλονότι.

558 3034 724 3075 δακτύλιος
744 3031 851 3070 οὑτοσί
873 3045 881 3068 :
904 3030 1041 3068 Δίδωσιν
1059 3031 1141 3078 αὐτῇ
1165 3029 1344 3076 δακτύλιον,
1365 3031 1417 3068 ἵνα
1443 3032 1512 3076 ἐξε-

557 3089 654 3138 νέγκῃ
668 3086 726 3131 τὴν
743 3086 863 3134 ἐμπίδα
879 3087 937 3121 τοῦ
952 3085 1129 3133 ὀφθαλμοῦ.

608 3151 681 3180 1018.
709 3139 948 3177 ἔκσκάλευσονι
967 3137 1146 3186 Ἔξένεγκε.

510 3217 542 3241 ω
610 3213 683 3237 10:³2.
702 3200 760 3235 οὐκ
776 3197 871 3245 ἐμπὶς
893 3196 945 3240 ἥδ’
964 3195 1031 3232 ἐστὶ
1053 3195 1250 3246 Τρικορυσία
1267 3209 1276 3232 :
1297 3197 1417 3245 Ἐμπὶς
1432 3200 1512 3249 ζῷον

559 3253 690 3291 κώνωπι
702 3250 940 3302 παραπλήσιον.
955 3251 998 3291 ὣς
1016 3250 1049 3285 ἐν
1067 3248 1254 3300 Τρικορύθῳ
1275 3251 1402 3287 πολλῶν
1417 3253 1513 3300 ἐμπί-

560 3309 623 3345 δων
636 3307 819 3356 γινομένων.
834 3304 902 3341 ἔστι
914 3303 978 3353 γὰρ
994 3302 1142 3349 ἀλσώδης
1155 3302 1210 3339 καὶ
1225 3302 1390 3353 κάθυγρος.
1408 3304 1429 3350 ἢ
1442 3307 1513 3344 ἐπεὶ

559 3360 693 3413 πονηροί
705 3362 785 3397 εἰσιν
802 3361 831 3396 οἰ
847 3356 1063 3409 Τρικορύσιοι.

1152 433 1384 471 SCHOLIA
1416 433 1471 469 IN
1504 432 1893 468 LYslsTRATAM.

1601 521 1673 546 10³³.
1701 508 1765 545 ἀπὸ
1782 514 1963 559 μεταφορᾶς
1979 510 2043 544 τῶν
2057 507 2098 545 τὰ
2116 508 2237 559 φρέατα
2249 509 2442 559 ὀρυττόντων
2457 511 2500 551 εἰς

1549 562 1645 611 βάθος
1660 565 1703 603 ὡς
1717 562 1818 613 φρέαρ
1833 561 2010 612 ἄνώρυττέν
2027 576 2116 612 φησι.
2130 569 2166 598 R.

1601 629 1672 653 10³7.
1694 616 1928 653 κολακευτικαί.
1950 624 1984 652 R.

1601 684 1673 708 10³8.
1700 670 1793 707 κᾶστ’
1811 673 1912 707 ἐκεῖνο
1928 665 2044 712 τοῦπος
2057 684 2065 707 :
2079 671 2138 709 Ἐν
2155 672 2312 722 παροιμίᾳ
2328 677 2418 710 τοῦτο
2434 673 2501 709 ἔλε-

1549 738 1604 772 γον
1622 743 1637 757 «ι
1656 724 1754 760 κακὸν
1769 730 1931 772 γυναῖκες,
1944 725 2014 760 ἀλλ’
2026 723 2129 772 ὅμως,
2141 719 2168 760 ὦ
2181 726 2333 773 δημόται,
2348 728 2404 762 οὐκ
2416 726 2502 762 ἔστιν
2518 740 2533 762 5

1550 780 1647 815 οἰκεῖν
1663 778 1765 814 οἰκίαν
1781 778 1855 814 ἄνευ
1871 782 1984 816 κακοῦ.
2005 795 2019 810 υ
2034 778 2088 814 καὶ
2107 778 2253 820 Ἡσίοδος
2268 780 2337 828 [ορ.
2356 785 2401 824 58]
2420 798 2434 812 ιι
2453 781 2504 816 ἑὸν

1551 831 1649 868 κακὸν
1665 833 1934 882 ἀμφαγαπῶντες.
1953 850 1967 865 »2

1603 903 1674 928 1043.
1701 892 1737 928 οὗ
1751 892 2082 941 παρασκευαζόμεσθα
2100 907 2108 930 :
2128 892 2221 940 Λέγει
2238 893 2286 929 ὅτι
2304 887 2330 929 ὦ
2347 895 2455 945 ἄνδρες
2468 896 2505 931 οὖ

1552 944 1883 994 παρασκευαζόμεσθα
1907 947 2006 981 εἰπεῖν
2032 949 2140 988 κακῶς
2159 945 2249 995 τινὰ,
2272 947 2357 983 ἀλλὰ
2382 950 2505 996 μᾶλλον

1552 1000 1670 1039 καλῶς.
1682 1001 1726 1039 ὡς
1740 998 1803 1034 άπὸ
1822 1001 1877 1035 τοῦ
1892 1002 2024 1043 ποιητοῦ
2042 999 2076 1035 δέ
2092 1001 2188 1036 ἐστιν.
2529 1015 2558 1039 1(-

1605 1064 1678 1089 1047.
1704 1050 1799 1088 ἱκανὰ
1816 1051 1878 1101 γὰρ
1901 1051 1940 1087 τὰ
1957 1052 2068 1090 mxi:
2097 1054 2162 1090 Τὸν
2184 1053 2323 1102 πόλεμον
2346 1055 2506 1103 λέγουσιν.

1553 1107 1670 1147 ἱκανῶς
1685 1105 1748 1155 γὰρ
1766 1105 2003 1155 ἐκακοπράγουν
2022 1106 2083 1151 ἤδη
2102 1107 2183 1155 μετὰ
2203 1106 2243 1144 τὰ
2260 1108 2292 1143 ἐν
2311 1109 2454 1158 Σικελίᾳ.

1606 1178 1677 1203 1049.
1703 1165 1759 1202 καὶ
1777 1164 1818 1200 τὰ
1835 1164 2054 1215 παρακείμενα
2077 1179 2085 1203 :
2103 1166 2174 1211 Τὴν
2194 1169 2257 1203 τῶν
2276 1171 2432 1216 γυναικῶν
2450 1169 2508 1204 καὶ

1556 1220 1677 1269 ἀνδρῶν
1693 1218 1806 1255 στάσιν
1820 1218 1908 1267 λέγει
1925 1217 1965 1255 τὰ
1979 1219 2214 1270 παρακείμενα.

1607 1286 1680 1310 1050.
1702 1272 1823 1322 λεγέτω
1837 1272 1918 1314 τίνος
1933 1272 2048 1311 δέεται.
2061 1281 2096 1310 R.
2530 1291 2560 1316 η

1606 1340 1680 1365 1053.
1709 1327 1772 1364 ἔσω
1786 1329 1866 1375 ἡμῖν
1884 1329 1980 1364 ἐστιν.
1998 1335 2033 1364 R.

1606 1400 1680 1424 105⁶.
1706 1385 1766 1423 κᾶν
1786 1387 1857 1424 ποτ’
1873 1385 1981 1437 εἰρήνη
2000 1390 2084 1437 φανῇ
2100 1399 2110 1425 :
2125 1387 2279 1433 Δηλονότι
2296 1388 2386 1424 οὐδὲν
2406 1390 2511 1429 αὐτοῖς

1556 1441 1765 1492 προήσονται.

1608 1508 1683 1533 1057.
1710 1494 1781 1531 ἀντὶ
1792 1497 1848 1530 τοῦ
1864 1494 2013 1545 κερδάνῃ.
2028 1502 2063 1531 R.

1606 1549 1677 1586 ἀντὶ
1695 1552 1750 1586 τοῦ
1765 1547 1879 1594 ἀποδῷ
1887 1549 1963 1597 παρ’
1982 1549 2140 1586 ὑπόνοιαν.
2158 1557 2195 1586 R.
2530 1567 2564 1590 ευ

1607 1617 1681 1642 1058.
1710 1601 1908 1653 Καρυστίους
1933 1614 1942 1640 :
1967 1602 2134 1653 Κάρυστος
2157 1603 2248 1646 πόλις
2267 1603 2417 1646 Εὖὸοίας.
2438 1606 2513 1642 δια-

1559 1658 1732 1695 Βάλλονται
1746 1658 1779 1693 δὲ
1794 1658 1837 1697 ὡς
1851 1656 1959 1705 μοιχοὶ
1969 1659 1998 1692 οἱ
2017 1657 2203 1708 Καρύστιοι.

1609 1730 1682 1756 1004.
1709 1719 1741 1754 ἐν
1762 1717 1851 1766 ἄλλῳ
1864 1714 2009 1763 γενέσθαι
2028 1716 2098 1754 ἀντὶ
2114 1720 2169 1754 τοῦ
2187 1716 2300 1760 ἔξεστι.
2315 1721 2350 1750 R-

1609 1785 1689 1810 1000.
1709 1772 1745 1808 τὸ
1762 1773 1875 1810 ἐλθεῖν.
1892 1779 1927 1809 R.

1611 1839 1684 1864 1071.
1709 1830 1803 1865 τοῦτο
1827 1829 1871 1870 εἰς
1884 1828 2009 1878 γέλωτα
2026 1820 2123 1862 εἶπεν.
2140 1834 2175 1863 R.
2531 1843 2565 1866 2⁵

1611 1894 1685 1919 1072.
1710 1882 1789 1931 παρ’
1805 1882 1968 1927 ὑπόνοιαν,
1987 1879 2057 1918 δέον
2075 1880 2323 1929 ἅνεωχθήσεται.
2339 1889 2375 1918 R.

1616 1947 1688 1973 1073.
1714 1934 1840 1984 ἔχοντες
1853 1935 2019 1985 πώγωνας.

1612 2007 1686 2033 1074.
1712 1994 1765 2031 διὰ
1786 1994 1845 2040 τὴν
1866 1998 1923 2033 τοῦ
1948 1993 2068 2031 αἰδοίου
2080 1993 2203 2044 ἔξοχήν.
2226 1995 2331 2042 (τοῦτο
2352 1994 2388 2032 δέ
2406 2010 2515 2045 φασιν,

1561 2048 1632 2085 ἐπεὶ
1645 2048 1866 2097 καθελκόμενα
1882 2043 1968 2099 εἶχον
1988 2047 2028 2085 τὰ
2045 2048 2177 2096 ἱμάτια,
2199 2047 2283 2085 ὥστε
2299 2049 2388 2092 δόξαι
2401 2049 2517 2098 ἀγγεῖά

1560 2117 1632 2139 τινα
1655 2102 1741 2152 ἔχειν
1762 2104 1904 2149 αὐτούς.)
1925 2103 1963 2139 τὸ
1984 2101 2018 2138 δὲ
2029 2103 2249 2151 χοιροκομεῖον
2272 2101 2354 2140 ἔοικε
2375 2103 2516 2140 πλεκτὸν
2534 2117 2569 2142 ao

1562 2157 1689 2206 ἀγγεῖον
1704 2150 1803 2200 εἶναι,
1821 2158 1853 2192 ἐν
1870 2150 1897 2206 ᾧ
1909 2155 1980 2196 τοὺς
1994 2154 2080 2196 νέους
2097 2155 2224 2207 ἔτρεφον
2237 2156 2292 2205 χοί
2313 2172 2364 2198 ους
2383 2156 2519 2208 περιδή-

1562 2225 1685 2252 σαντες.
1709 2214 1763 2245 νῦν
1789 2209 1823 2246 δὲ
1844 2210 1931 2258 λέγει
1953 2209 2010 2245 τὸν
2028 2208 2204 2255 πάτταλον,
2227 2211 2260 2246 ἐν
2327 2210 2521 2259 δεσμεύουσι

1561 2263 1635 2305 τοὺς
1649 2263 1776 2314 χοίρους
1786 2262 1842 2299 καὶ
1856 2262 2033 2314 τρέφουσιν.
2048 2262 2118 2299 ἐπεὶ
2129 2258 2183 2300 οὗν
2197 2263 2396 2312 ἐντεταμέναι
2408 2259 2519 2312 ἦλθον,

1561 2318 1683 2368 ᾔκασεν
1701 2317 1815 2358 αὐτοὺς
1827 2317 2011 2368 παττάλοις.

1616 2390 1689 2415 1078.
1715 2375 1931 2427 νενευρωμένη
1956 2375 1990 2412 δὲ
2013 2376 2161 2426 συμφορά
2185 2389 2194 2414 :
2219 2376 2290 2421 Τὴν
2313 2376 2442 2415 Ῐντασιν
2460 2382 2517 2416 τοῦ
2537 2392 2569 2417 ³⁶

1565 2431 1684 2469 αἰδοίου
1697 2429 1794 2479 λέγει.
1809 2433 1918 2480 νεῦρον
1933 2429 1994 2481 γὰρ
2010 2429 2058 2478 (τὸ
2071 2432 2215 2479 αἰδοῖον).

1616 2503 1688 2529 1070.
1714 2494 1821 2539 χεῖρον
1838 2489 1983 2539 φαίνεται
2000 2502 2010 2527 :
2025 2489 2109 2527 Ἀντί
2121 2493 2193 2536 τοῦ,
2207 2495 2314 2541 χεῖρον
2329 2494 2387 2535 τῆς
2396 2491 2521 2535 τάσεως

1564 2549 1619 2583 τοῦ
1649 2544 1774 2594 Ἑρμοῦ
1809 2543 1967 2593 φαίνεται.
1994 2543 2137 2580 τουτέστι
2164 2545 2273 2595 χεῖρον
2302 2544 2436 2581 τέταται
2462 2550 2520 2583 τοῦ

1564 2599 1701 2649 Ἑρμοῦ.
1728 2596 1838 2640 ἐπειδὴ
1860 2599 1878 2633 ὃ
1900 2597 2024 2647 Ἑρμῆς
2045 2599 2231 2648 πριαπῶδες
2255 2597 2322 2648 ἔχει
2345 2599 2382 2636 τὸ
2400 2601 2521 2636 αἰδοῖον

1565 2653 1621 2690 καὶ
1633 2650 1799 2688 ἐντέταται
1816 2650 1973 2699 μεγάλως.
2538 2667 2570 2690 40

1616 2719 1690 2743 1080.
1713 2704 1795 2750 ὅπα,
1819 2703 1908 2740 ὅπου.
1930 2704 2032 2749 σέλει,
2056 2704 2147 2740 θέλει.
2173 2705 2286 2750 ἐλσὼν,
2311 2705 2423 2744 ἐλθών.
2448 2706 2521 2743 ἀντὶ

1565 2762 1621 2797 τοῦ
1630 2787 1641 2807 ,
1658 2758 1765 2795 πάντα
1778 2758 1929 2808 πράττων
1944 2772 1991 2799 τις
2004 2757 2108 2807 ἀγέτω
2122 2758 2200 2806 ἡμῖν
2215 2758 2354 2807 εἰρήνην.

1618 2830 1689 2856 1083.
1715 2816 1825 2868 ὥσπερ
1841 2817 2024 2859 παλαιστάς
2042 2830 2051 2854 :
2070 2820 2114 2854 Οἱ
2135 2817 2197 2868 γὰρ
2218 2819 2390 2860 ἀσκοῦντες
2409 2820 2522 2862 παῖδες

1567 2871 1773 2909 συστέλλουσι
1794 2869 1836 2907 τὰ
1859 2870 1991 2919 ἱμάτια,
2012 2869 2099 2912 ὅπως
2121 2870 2167 2919 μὴ
2188 2872 2445 2922 προστρίὸωνται
2465 2872 2522 2922 (τὰ

1568 2927 1685 2974 αἰδοῖα)
1698 2924 1754 2962 καὶ
1769 2927 1885 2974 μιανθῇ
1895 2924 1936 2961 τὰ
1950 2924 2076 2973 ἱμάτια.
2098 2923 2171 2967 τοὺς
2189 2925 2223 2962 δὲ
2239 2925 2419 2969 Ἀθηναίους
2432 2927 2521 2976 λέγει
2538 2941 2568 2966 45

1566 2978 1767 3028 τεταμένους.
1788 2978 1953 3029 φαίνονται
1972 2978 2006 3015 δὲ
2020 2981 2051 3015 οἱ
2070 2981 2240 3020 ἀσκοῦντες
2256 2981 2388 3026 παῖδες,
2407 2982 2451 3021 ὣς
2474 2979 2521 3029 μὴ

1566 3033 1814 3084 παρατρίὸοιντο
1829 3031 1871 3068 τὰ
1885 3034 1989 3070 αἰδοῖα
2003 3034 2047 3073 εἰς
2064 3032 2243 3079 ὑπόμνησιν
2259 3034 2338 3081 (τῆς)
2355 3033 2524 3076 συνουσίας

1567 3087 1739 3139 ἀφιστάναι
1751 3086 1793 3123 τὰ
1807 3086 1921 3134 ἱμάτια
1938 3089 2069 3123 ἑαυτῶν.

1617 3161 1691 3186 1085.
1717 3146 1890 3191 ἀσκητικὸν
1904 3146 1941 3183 τὸ
1951 3149 2066 3197 χρῆμα
2084 3149 2139 3182 τοῦ
2149 3146 2328 3191 νοσήματος
2340 3159 2350 3184 :
2364 3146 2449 3185 Ἀντὶ
2465 3151 2524 3186 τοῦ

1567 3201 1661 3251 μέγα.
1680 3201 1732 3239 διὰ
1748 3201 1806 3244 τὴν
1819 3200 1988 3248 ἐπιθυμίαν
2006 3203 2062 3245 τῆς
2081 3200 2207 3250 εἰρήνης
2220 3195 2290 3236 εἷπε
2305 3204 2363 3238 τοῦ
2375 3201 2522 3249 νοσήμα-
2538 3220 2574 3246 ω

1565 3269 1689 3346 wel-087.
1716 3308 1880 3344 δείκνυσιν.
1895 3315 1929 3343 R.

1616 3375 1687 3399 1088.
1713 3361 1820 3400 ὁμοία.
1841 3369 1876 3398 R.
