2931 4012
609 433 680 466 59⁴

657 508 740 554 951,
762 512 805 548 al.
832 506 952 553 Λόγους
983 505 1182 555 συκοφάντου
1211 509 1370 552 μιμεῖται.
1395 503 1466 540 ἀντὶ
1490 506 1547 547 V.,

583 581 586 583 ·
608 574 679 598 non
698 566 741 598 G.
761 561 844 597 ’Au-:2
861 563 917 595 τοῦ
933 573 1002 595 om.
1017 564 1059 595 G.
1079 563 1121 596 R.
1138 583 1177 590 -
1196 560 1238 595 25
1254 572 1326 606 quo
1343 566 1476 607 spectet
1491 557 1549 593 λό-
1580 567 1582 569 ·

607 629 681 664 γους
709 614 742 650 δὲ
768 614 966 663 συκοφάντου
991 619 1156 661 μιμεῖται,
1188 614 1270 649 mihi
1301 627 1369 649 non
1399 613 1481 649 satis
1497 619 1547 647 est

608 677 770 717 apertum
799 682 807 705 :
839 682 883 704 an
902 669 1032 714 voluit,
1053 668 1134 703 ideo
1159 669 1292 716 justum
1316 668 1490 702 hominem
1514 666 1547 701 in

608 736 647 760 re
667 724 736 759 levi
754 722 1000 770 grandioribus
1020 723 1070 756 uti
1090 722 1224 765 verbis,
1246 720 1427 765 πανοπλία,
1451 734 1549 769 κορυ-

608 783 717 825 φαῖος,
732 776 845 813 στάσιν
861 775 965 824 ἔχειν,
984 775 1081 823 quod
1103 776 1195 811 idem
1218 776 1436 823 sycophanta
1453 775 1550 810 fecis—

609 839 661 867 set
672 860 680 875 ‚
702 840 735 866 et
754 829 972 879 δημοκρατίαν
984 856 992 872 ,
1007 829 1067 872 τὴν
1094 828 1210 876 βουλὴ-ι
1228 829 1287 873 τὴν
1304 832 1368 865 τῶν
1385 829 1527 864 πολιτῶν
1538 855 1549 874 ‚

609 894 716 932 atque
736 884 910 928 ἐκκλησίαν
928 884 1111 930 magnifice
1121 883 1285 930 jactasset
1300 898 1307 918 ι
1325 884 1432 918 fuisse
1449 890 1550 918 vete-

610 953 687 975 rum
709 940 862 986 aliquem
879 938 1204 985 grammaticorum,
1229 939 1287 985 qui
1306 943 1476 987 κορυφαῖον
1494 938 1550 972 hic

610 994 981 1041 acceperitprincipem
998 1001 1148 1034 senatus,
1164 992 1295 1027 scholia
1311 1005 1392 1027 mox
1406 991 1548 1027 demon-

610 1056 722 1084 strant
751 1061 758 1081 :
787 1047 823 1082 in
851 1046 1094 1093 superioribus
1121 1046 1264 1093 quidem
1295 1046 1383 1081 nihil
1407 1059 1426 1080 a
1445 1058 1549 1091 syco-

611 1103 741 1150 phanta
767 1100 942 1148 prolatum
954 1127 963 1142 ,
981 1100 1078 1147 quod
1106 1113 1199 1136 nunc
1225 1113 1288 1148 per
1300 1101 1420 1148 jocum
1434 1098 1550 1147 justus

612 1156 738 1191 imitari
759 1155 931 1192 videatur.
953 1157 1071 1198 Quum
1088 1154 1179 1190 idem
1200 1155 1243 1190 ad
1263 1167 1293 1191 ν.
1314 1167 1384 1201 9²9
1402 1154 1549 1189 scholia-

610 1220 681 1246 stes
710 1209 874 1252 notabat‚
903 1221 957 1244 res
986 1221 1104 1244 coram
1136 1209 1249 1244 oculis
1275 1216 1350 1244 erat
1380 1208 1549 1255 exposita.

611 1267 745 1300 lli-,usin
761 1286 800 1294 —
815 1263 860 1298 26
878 1262 1001 1304 παίζων
1016 1275 1086 1298 om.
1105 1263 1147 1299 Θ.
1169 1285 1206 1292 --
1228 1264 1269 1298 31
1291 1261 1397 1298 ἄλλων
1423 1262 1551 1297 πολλῶν

610 1321 697 1366 Reg.

613 1428 665 1463 vel
691 1425 850 1474 λοετρὼν,
866 1425 1027 1475 λουτρών·
1055 1426 1153 1473 prius
1173 1425 1335 1461 adhibuit
1352 1426 1430 1473 ipse
1453 1425 1497 1460 ad
1518 1437 1553 1459 v.

1304 423 1580 459 ADNOTATIO
1616 425 1666 461 IN
1692 423 1854 461 scnoL.

1613 503 1718 547 ξένον,
1732 505 1754 546 ἢ
1775 501 1882 551 χιλίας
1904 499 2077 537 ἀποτίνειν
2108 499 2171 534 τὸν
2204 499 2379 546 χορηγόν·
2406 499 2455 533 cui
2475 510 2532 545 qum

1613 566 1779 606 proterve
1795 555 1986 599 Demades,
2019 553 2350 590 insolentissimus
2371 564 2469 600 opum
2486 554 2531 587 nn

1613 619 1792 660 partarum
1804 617 2014 654 ostentator,
2026 607 2291 652 insultaverit,
2300 607 2412 642 refert
2418 606 2528 642 Plutarch

1613 666 1721 702 Phoc.
1743 678 1779 713 p.
1801 665 1883 709 755,
1907 667 1953 708 C,
1969 675 2085 711 quam
2108 663 2233 697 latam
2261 674 2344 697 esse
2363 670 2528 697 constat&

1614 719 1859 767 Aristophanis
1879 725 2018 753 aetatem
2048 729 2094 752 ex
2121 715 2330 751 Andocide
2360 716 2396 751 in
2421 715 2527 762 Aleia,

1616 776 1675 819 3¹,
1691 775 1749 809 36.
1766 777 1879 822 Caput
1895 772 2060 820 ejusdem
2079 771 2183 819 legis
2201 784 2226 807 a
2245 766 2527 807 Demosthenem

1619 835 1833 864 memoratur
1859 827 1945 863 Mid.
1975 839 2013 874 p.
2029 827 2121 870 612,
2147 828 2204 867 B,
2224 825 2447 874 potissimum
2464 833 2524 860 auu

1616 883 1782 919 adversus
1801 894 1860 917 cos
1878 880 2092 929 peregrinos
2113 879 2288 915 valuisse
2300 879 2424 924 credo,
2439 879 2523 927 quis*

1619 938 1680 972 tim
1699 949 1740 972 ac
1764 947 1826 984 per
1845 935 2005 970 fraudem
2025 934 2062 970 in
2073 934 2142 981 jus
2168 934 2341 970 civitatis
2365 934 2522 981 irrepsem

1618 999 1725 1038 atque
1739 990 1827 1025 adeo
1845 996 2011 1036 poterant
2031 988 2191 1024 actione
2208 986 2322 1030 ξενίας
2336 988 2456 1036 pulsari
2467 986 2520 1021 :fi

1619 1045 1781 1092 equidem
1796 1043 2154 1089 inter-'Athenienses
2173 1042 2291 1077 citius
2305 1043 2519 1091 contigissem

1619 1111 1723 1147 quam
1743 1106 1781 1132 ut
1799 1109 1842 1132 ex
1856 1110 1899 1132 eo
1914 1109 2069 1133 numero
2085 1109 2196 1145 saepe
2220 1098 2391 1134 nonnulli
2412 1099 2517 1135 chusi

1622 1161 1789 1189 teresseut
1807 1168 1815 1189 ε
1834 1154 1964 1189 horum
1987 1151 2300 1187 amovendorum
2319 1165 2402 1188 cura
2416 1152 2517 1200 subgr.

1622 1208 1749 1243 mulcta
1772 1212 1835 1248 τοῖς
1862 1210 2013 1256 χορηγοῖς
2033 1206 2105 1241 suit
2129 1207 2350 1243 commissa.
2368 1210 2418 1244 De
2434 1218 2517 1255 pinu·

1622 1271 1697 1298 tore
1717 1276 1801 1298 vero
1811 1290 1820 1306 ,
1831 1261 2144 1311 quemadmodum
2159 1262 2410 1310 Apuleius&
2420 1265 2516 1311 κορυςὲο

1585 1340 1588 1355 ι
1623 1317 1748 1352 Latine
1764 1317 1880 1360 dedit,
1904 1314 2154 1351 dubitandum
2175 1329 2257 1352 non
2289 1325 2362 1361 est,
2379 1317 2451 1365 quin
2468 1327 2516 1364 pm-

661 1374 746 1420 952,
767 1373 809 1408 33
833 1371 1060 1407 scribendum
1093 1372 1206 1407 fuerat
1228 1369 1375 1420 λοετρὸν,
1400 1368 1551 1420 λουτρὸν,
1585 1363 1588 1377 ¹

613 1483 695 1517 616.
715 1481 889 1519 Statuitur
915 1488 1033 1516 autem
1063 1492 1083 1514 a
1112 1480 1371 1526 grammaticis,
1389 1487 1428 1515 ut
1448 1492 1552 1514 mon—
1584 1479 1587 1481 ’

613 1543 724 1571 strant
743 1534 894 1580 Etymol.
908 1533 943 1569 in
962 1546 993 1568 v.
1005 1546 1039 1581 p.
1058 1533 1139 1577 568,
1157 1541 1191 1568 et
1209 1534 1366 1569 Eustath.
1388 1533 1432 1569 ad
1449 1533 1488 1569 11.
1501 1535 1553 1579 Ο,
1586 1534 1588 1539 ”

615 1603 649 1638 p.
674 1590 774 1632 1037,
793 1589 851 1633 39,
866 1586 935 1623 Od.
957 1590 1001 1630 Z,
1023 1599 1057 1634 p.
1084 1586 1184 1626 1560,
1215 1588 1271 1631 31,
1291 1587 1473 1635 potestatis
1490 1598 1552 1622 ac·
1584 1592 1587 1623 ζ

615 1650 718 1678 centu
735 1641 939 1676 moderante
965 1639 1152 1675 discrimen
1180 1641 1273 1675 inter
1288 1640 1439 1688 λουτρὸν,
1458 1639 1554 1687 quod

617 1704 668 1731 est
686 1698 858 1729 lavacrum
877 1694 1008 1737 balnei,
1035 1694 1110 1728 sive
1131 1696 1273 1737 lavatio,
1298 1694 1477 1740 quomodo
1495 1694 1555 1728 fri-

617 1749 733 1796 gidam
759 1749 793 1783 in
825 1748 996 1795 palaestris
1020 1748 1232 1783 lavationem
1261 1751 1403 1784 Graecos
1425 1747 1555 1796 λουτρὸν

617 1804 774 1839 vocitare
789 1802 911 1838 scribit
929 1803 1065 1838 Vitruv.
1087 1802 1120 1847 5,
1142 1815 1177 1837 11
1191 1817 1201 1848 3
1215 1811 1250 1838 et
1262 1803 1393 1851 λοῦτρον
1412 1803 1555 1850 proprie

618 1858 816 1905 significans
847 1869 973 1903 aquam
999 1856 1245 1901 balnearia-am,
1265 1864 1327 1892 aut
1347 1858 1451 1892 etiam
1475 1870 1555 1893 sor-⁴

617 1912 733 1947 didam
751 1924 772 1946 a
786 1911 1041 1954 lavationibus;
1060 1907 1348 1960 ιιηάελοετροχόος
1363 1911 1473 1956 idem,
1489 1914 1557 1947 He-

620 1967 739 2013 sychio
764 1973 872 2010 teste,
901 1966 960 2013 qui
990 1963 1183 2014 περιχύι-ης,
1203 1974 1238 2001 et
1257 1966 1396 2001 serioris
1415 1965 1559 2001 Graeciae

619 2019 806 2070 λουτροίρης,
822 2019 918 2067 quod
933 2019 1143 2055 vocabulum
1160 2032 1201 2055 ex
1220 2020 1353 2055 Glossis
1369 2019 1412 2055 ad
1425 2019 1556 2056 Comici

620 2075 758 2110 Plutum
778 2087 858 2109 mss.
873 2074 1049 2122 prolatum
1067 2087 1088 2109 a
1105 2074 1287 2120 Ducangio
1305 2074 1456 2121 pertinet
1472 2074 1514 2108 ad
1526 2085 1557 2110 v.
1595 2074 1598 2077 ’

620 2129 700 2175 955.
725 2128 885 2163 Alterum
901 2126 1043 2178 λουτρὼν
1074 2128 1194 2163 itidem
1213 2140 1233 2162 a
1251 2127 1429 2163 veteribus
1456 2139 1558 2162 usur-

622 2190 737 2229 patur,
756 2183 855 2229 cujus
876 2183 1049 2217 rationem
1067 2181 1213 2228 exponit
1240 2181 1396 2217 Eustath.
1421 2181 1464 2216 ad
1491 2180 1560 2217 Od.

622 2238 667 2278 Δ,
685 2248 717 2282 p.
740 2237 842 2276 1481,
860 2237 905 2271 63
925 2249 933 2270 ε
952 2234 1186 2282 διαλελυμένως
1201 2233 1330 2282 λέγεται
1354 2234 1407 2270 καὶ
1425 2234 1466 2270 τὰ
1480 2235 1562 2270 λον-

623 2287 683 2338 τρόι
697 2287 831 2336 λοετρὰ,
853 2287 908 2323 καὶ
928 2290 945 2324 ὁ
971 2287 1066 2327 τόπος
1087 2289 1189 2324 αὐτῶν
1210 2289 1244 2323 οὐ
1264 2289 1358 2335 μόνον
1377 2289 1564 2337 βαλανεῖον,

624 2342 709 2379 ἀλλὰ
721 2343 776 2378 καὶ
791 2341 932 2392 λουτρὼν
942 2370 951 2386 ,
965 2337 1000 2378 οὗ
1017 2341 1126 2390 γενικὴ
1150 2344 1341 2392 λουτρῶνος,
1365 2343 1456 2392 τύπῳ
1471 2357 1560 2394 περι·

624 2399 752 2447 εκτικῷ.
784 2398 990 2434 Ptolemaeus
1019 2399 1143 2444 Euerg.
1169 2397 1263 2445 apud
1291 2398 1412 2433 Athen.
1448 2411 1500 2443 ιο,
1525 2410 1561 2446 p.

626 2452 708 2494 438,
726 2454 754 2487 F
770 2465 777 2487 :
799 2449 910 2487 ἕλοῢτό
920 2465 956 2486 τε
967 2451 1012 2492 εἰς
1027 2449 1099 2490 τοὺς
1114 2449 1236 2490 κοινοὺς
1254 2451 1450 2500 λουτρῶνας·
1478 2453 1563 2488 Plu-

628 2506 736 2540 tarch.
755 2505 854 2541 Alex.
878 2518 911 2553 p.
932 2506 1014 2546 685,
1031 2507 1077 2548 Ε,
1092 2512 1127 2540 et
1145 2517 1189 2540 ex
1202 2506 1305 2551 regiis
1324 2506 1563 2553 ephemeridi-

626 2559 692 2595 bus
707 2572 741 2606 p.
762 2560 843 2603 708,
862 2562 905 2595 D.
921 2560 1058 2595 flnnsr.

677 2613 760 2658 953,
780 2613 825 2649 35
841 2609 983 2649 Ἔπειτα
1007 2612 1088 2648 Ald.
1109 2611 1329 2661 περιίστανται
1349 2616 1392 2649 R.
1420 2612 1557 2649 Ἐπεὶ-

630 2665 807 2714 βαλανείοις
825 2679 893 2702 0111.
912 2670 954 2702 G.
974 2690 1011 2697 -
1027 2668 1072 2703 36
1095 2668 1138 2707 ὡς
1151 2665 1224 2716 περὶ
1243 2667 1337 2716 χορὸν
1352 2670 1409 2709 V.,
1429 2668 1489 2715 qui
1507 2681 1564 2704 se-

628 2719 771 2766 quentia
791 2720 826 2755 οὗ
846 2718 907 2769 γὰρ
926 2719 999 2763 ἐξῆν
1016 2719 1101 2761 ξένον
1118 2720 1180 2768 (sic
1202 2721 1295 2756 enim
1312 2720 1447 2768 scribit)
1462 2722 1565 2758 -ἐπὶ

629 2771 769 2821 κεφαλήν
786 2773 824 2819 (1.
847 2773 904 2818 40)
918 2782 998 2808 ante
1016 2773 1085 2808 ἐπεὶ
1099 2773 1303 2823 περιίσταντο
1317 2774 1432 2810 habet.
1450 2791 1463 2806 «
1480 2778 1566 2821 Quae

629 2826 795 2873 deinceps
810 2826 847 2860 in
867 2826 1003 2862 scholio
1022 2836 1227 2874 sequuntur,
1246 2836 1410 2863 externos
1428 2829 1566 2866 urbano

631 2880 739 2914 choro
757 2880 863 2914 inseri
877 2892 948 2914 non
968 2880 1123 2925 licuisse,
1141 2889 1263 2917 contra
1275 2883 1413 2918 licuisse
1426 2886 1566 2930 Lenaeo,

632 2941 669 2968 ut
687 2946 759 2968 non
777 2933 922 2968 omnino
942 2934 1158 2980 negaverim,
1176 2935 1282 2969 solius
1300 2944 1396 2971 certe
1417 2935 1568 2972 scholia-

630 2997 691 3024 stae
713 2987 781 3023 fide
798 2988 858 3023 vix
876 2986 995 3022 induci
1015 2999 1170 3034 possum,
1189 2995 1227 3023 ut
1242 2990 1292 3023 rei
1312 2990 1453 3025 minime
1477 3003 1568 3038 pro·-

631 3042 739 3077 babili
751 3040 979 3077 subscribam.
993 3040 1126 3076 Petitus
1140 3041 1282 3087 quidem
1296 3045 1429 3079 Comm.
1446 3045 1482 3078 in
1498 3047 1566 3080 LL.

631 3100 707 3133 ΛΑ.
723 3108 757 3144 p.
772 3097 842 3143 269
857 3102 985 3144 praeter
997 3096 1064 3130 hoc
1080 3094 1251 3130 scholium
1278 3096 1418 3143 Ulpiani
1451 3097 1568 3133 locum

632 3151 779 3198 protulit
796 3150 839 3186 ad
859 3151 1041 3186 Demosth.
1068 3151 1126 3185 Or.
1144 3149 1180 3184 in
1199 3150 1336 3196 Leptin.
1363 3164 1396 3198 p.
1417 3152 1497 3194 572,
1516 3154 1568 3195 D,

635 3204 692 3240 ubi
709 3206 822 3241 minus
839 3213 976 3242 attento
992 3204 1104 3241 simile
1120 3203 1288 3251 quiddam
1306 3217 1349 3239 ex
1367 3204 1569 3240 Alexandro

634 3258 775 3294 rhetore
786 3259 914 3296 docere
926 3258 1090 3296 videatur
1108 3272 1116 3294 :
1133 3269 1258 3294 verum
1275 3258 1304 3292 si
1322 3257 1401 3305 quis
1413 3270 1484 3293 rem
1502 3271 1568 3306 pe·-

634 3312 740 3347 nitius
761 3313 970 3361 inspexerit,
995 3313 1082 3349 nihil
1106 3313 1175 3348 huc
1195 3312 1370 3360 pertinere
1388 3312 1489 3347 facile
1504 3311 1571 3348 de-

634 3366 839 3412 prehendet.
867 3371 940 3404 Lex
966 3381 1048 3404 sane
1069 3367 1134 3402 fuit
1162 3365 1325 3410 Athenis,
1351 3364 1397 3413 μὴ
1422 3363 1568 3415 χοριῦιιν

1622 1371 1741 1418 grinus
1765 1371 1896 1406 assumi
1921 1369 2107 1418 potuerit;
2136 1371 2283 1407 artifex
2302 1373 2397 1407 enim
2411 1369 2518 1419 qun&

1625 1438 1698 1469 zur,
1729 1426 1851 1473 reique
1872 1424 2013 1460 musicae
2032 1424 2189 1471 peritus
2209 1438 2220 1460 t
2238 1425 2355 1473 idque
2380 1424 2517 1474 praeteri

1623 1481 1735 1516 multo
1766 1480 1869 1528 plura
1898 1477 2091 1514 manifesto
2122 1486 2238 1527 patet
2265 1492 2314 1516 ex
2343 1492 2387 1516 eo
2412 1478 2516 1516 stud

1624 1534 1797 1577 carmine,
1815 1533 1910 1582 quod
1930 1532 2155 1569 Callimachi
2187 1533 2516 1582 Epigrammafibns‘·

1624 1589 1772 1624 mixtum
1791 1595 1842 1623 est
1858 1600 1893 1623 n.
1914 1587 1970 1622 50.
1993 1585 2068 1622 Sed
2086 1587 2162 1634 qui
2196 1588 2406 1634 tradiderit,
2419 1587 2517 1624 imai·

1626 1643 1733 1678 fuisse
1759 1642 1896 1686 choris,
1922 1641 1981 1688 qui
2007 1639 2177 1676 deorum
2207 1642 2348 1679 honori
2373 1642 2512 1679 ‹luet-lm!

1625 1696 1842 1743 adscriptos,
1857 1707 1962 1742 quam
1975 1694 2137 1738 juvenes
2157 1696 2363 1744 ingenuos,
2376 1695 2516 1741 diffluat&

1626 1751 1781 1801 φιθαλεῑς,
1801 1750 1892 1785 veris
1911 1748 2052 1784 civibus
2071 1760 2320 1799 prognatos,
2346 1761 2412 1788 tum
2430 1750 2515 1790 unuin

1628 1805 1688 1840 viti
1714 1805 1751 1840 in
1770 1804 1910 1852 pompis
1933 1815 1975 1838 ac
1991 1816 2099 1850 paene
2116 1805 2376 1852 ignominioso
2389 1816 2514 1855 συμφρ-

1628 1859 1821 1894 ministerio
1840 1858 2024 1904 fungentes
2047 1859 2250 1908 χορηγίας,
2281 1869 2363 1910 quae
2383 1861 2420 1897 ad
2434 1868 2513 1895 run·

1628 1925 1721 1948 cram
1739 1911 1978 1961 pertinebant,
1995 1911 2298 1951 administrasse
2310 1944 2320 1960 ‚
2348 1915 2512 1952 necdum·

1628 1968 1812 2014 quisquam
1827 1978 1934 2011 unus,
1952 1974 2143 2013 quantum
2172 1970 2368 2016 recordor,
2379 1965 2510 2006 utras&

1631 2022 1751 2056 liasten
1767 2021 1834 2056 fuit
1845 2021 2025 2055 inventus:
2040 2033 2168 2068 quare
2184 2035 2314 2071 neque
2327 2024 2405 2060 illud
2415 2029 2510 2064 snm?

1628 2077 1719 2110 τοῦτο
1736 2074 1894 2123 πέπαιχεν
1906 2101 1915 2118 ,
1933 2087 2113 2121 quorsum
2130 2086 2288 2125 spectet
2300 2106 2311 2122 ‚
2336 2079 2410 2115 satis
2422 2082 2508 2125 pem!

1631 2129 1695 2164 nisi
1731 2128 1809 2175 quis
1843 2128 2019 2163 interiisse
2055 2129 2175 2175 plura
2219 2134 2429 2181 suspicetur,
2450 2127 2506 2176 qul*

1631 2181 1986 2226 ostenderit,idcirco
2004 2180 2281 2223 balneatorem
2304 2188 2392 2223 hunc
2405 2180 2505 2232 55(va

1634 2245 1721 2281 tam,
1740 2245 1903 2284 tanquam
1922 2238 2167 2284 peregrinum
2186 2249 2229 2277 et
2248 2245 2308 2278 τοῦ
2322 2236 2505 2290 tempii*

1636 2305 1699 2334 τος,
1718 2292 1811 2326 foras
1838 2290 2119 2327 exturbatumm
2150 2307 2261 2342 esse,
2290 2297 2374 2344 quia
2392 2290 2503 2330 ἁδὼν

1633 2358 1704 2392 quo
1720 2345 1898 2380 hominem
1919 2357 2076 2391 nequam
2096 2347 2291 2385 facessere
2305 2363 2342 2386 se
2351 2350 2502 2397 jusserat.-

1633 2411 1732 2435 secus
1749 2411 1789 2434 ac
1801 2397 1845 2433 de
1857 2398 1968 2432 choro
1982 2398 2135 2435 locutus
2153 2402 2283 2439 fuerat
2299 2404 2354 2439 vir
2366 2399 2500 2450 justus&

1633 2454 1726 2488 enim
1735 2457 1904 2501 κορυφαῖος
1913 2459 1946 2487 et
1956 2450 2074 2492 στάσις
2086 2457 2255 2503 propria
2270 2457 2387 2493 choris
2397 2449 2499 2490 vot-21⁸3*

1633 2511 1768 2543 Hzmsr.
1785 2530 1823 2538 -
1841 2508 1886 2553 39
1903 2520 1973 2556 κορ.
2001 2506 2145 2556 λέγεται
2164 2513 2185 2546 ὁ
2215 2516 2258 2548 V.
2284 2514 2319 2548 ἐν
2346 2512 2429 2560 βουλῇ
2445 2504 2499 2544 ffl‘

1636 2568 1680 2603 4ο
1695 2561 1804 2610 ὥσπερ
1825 2558 1952 2610 ἀνδριὰς
1969 2560 2022 2596 ἐπὶ
2046 2565 2210 2613 κεφαλήν
2228 2580 2275 2602 ex
2299 2566 2425 2603 scholiis
2437 2557 2497 2597 hu*

1635 2616 1733 2651 ribus
1764 2624 1870 2663 atque
1896 2615 1938 2649 ad
1967 2615 2138 2662 singulos
2160 2632 2297 2657 versus
2318 2616 2497 2666 interjectis*

1635 2683 1732 2705 nasse
1748 2681 1913 2717 auguror,
1930 2668 1997 2704 hoc
2017 2679 2134 2716 pacto
2150 2673 2193 2709 in
2209 2675 2376 2710 ordinem
2388 2664 2496 2717 affl

1633 2728 1820 2773 κορυφαῖοςε
1833 2721 1886 2758 ἐπὶ
1898 2721 2057 2771 κεφαλήν.
2070 2725 2235 2770 ἑστηκὼς
2247 2743 2255 2763 :
2266 2727 2377 2778 ὥσπερ
2388 2715 2498 2773 ᾶνδραῇ

1635 2778 1754 2813 saltem
1771 2789 1891 2812 sensus
1909 2776 2035 2822 aliquis
2051 2781 2216 2816 extundi
2232 2782 2387 2829 poterit,
2400 2780 2498 2825 aql*

1636 2831 1805 2865 madverti
1818 2856 1827 2873 ,
1849 2828 1935 2876 quid
1953 2830 2178 2876 cogitaverit
2196 2834 2394 2883 interpres,
2408 2833 2460 2868 liet!

1636 2885 1749 2919 minus
1789 2895 1892 2930 quam
1933 2884 2288 2931 interpretationem
2323 2888 2393 2937 ejus
2422 2880 2498 2934 pi&

1634 2940 1768 2973 Hrmsv.
1796 2936 1848 2971 ἐπὶ
1867 2934 1926 2979 τὴν
1953 2937 2103 2985 κεφαλήν
2132 2941 2182 2977 Θ,
2215 2966 2258 2973 -
2284 2948 2328 2985 [μ
2354 2936 2498 2992 ὀρθάν

1633 2987 1755 3038 Ἤγουν
1770 3003 1839 3027 om.
1855 2991 1898 3027 Θ.

1683 3045 1765 3091 954,
1799 3047 1843 3086 43
1876 3044 2108 3082 scribendum
2138 3051 2200 3086 vel
2229 3055 2289 3087 τοῦ
2468 3047 2500 3076 ⁶

1634 3102 1767 3136 Hemst.
1787 3099 1841 3134 vel
1860 3099 1942 3135 κατὰ
1960 3100 1997 3135 τὸ
2014 3102 2210 3148 βαλανεῖον.
2233 3109 2349 3143 Dum.
2363 3097 2500 3152 TBW

1635 3154 1790 3201 reliquiae
1807 3162 1888 3188 sunt
1911 3157 2095 3201 sequentis
2127 3159 2286 3205 glossae,
2310 3162 2328 3197 ὅ
2351 3162 2402 3196 'tw'

1635 3208 1824 3251 ἐπιστάτης,
1844 3220 1946 3254 quam
1964 3209 2148 3247 exstitisse
2176 3214 2215 3248 in
2237 3200 2502 3262 archetypol‘ffll'

1634 3261 1718 3296 liani
1735 3261 1866 3297 similes
1882 3261 2021 3297 codices
2039 3263 2192 3302 docent.
2206 3290 2247 3298 -
2267 3273 2312 3310 44
2333 3261 2503 3315 apsari*

1633 3314 1677 3357 ξει
1697 3319 1784 3363 Reg.

1682 3370 1765 3417 955,
1784 3371 1830 3412 48
1842 3368 1901 3411 ἔξω
1919 3371 1974 3413 τῆς
1992 3370 2033 3406 Θ.
