2931 4012
602 435 673 467 ⁴22

602 512 732 553 νικῆσαι
745 508 825 544 Ald.
836 531 875 538 —
888 520 907 552 7
926 502 981 543 οὖν
994 515 1063 541 om.
1080 509 1122 541 R.
1133 528 1172 536 —
1185 506 1208 540 8
1231 504 1392 541 ἐκοινώνει
1407 507 1448 539 V.
1459 525 1500 533 —
1512 516 1535 549 9

1323 422 1599 459 ADNOTATIO
1626 422 1674 458 IN
1702 421 1866 458 SCHOL.

1638 512 1684 548 9¹
1704 503 1754 537 sic
1780 501 1871 546 Ald„
1893 500 1964 537 ἐπεὶ
1994 502 2051 537 οὐκ
2076 499 2243 549 ἐπιτρέπει
2267 499 2328 536 τὸν
2346 500 2538 538 Ποσειδῶνα

602 561 666 612 ἄρα
681 575 751 598 om.
767 565 823 608 V.,
841 562 902 609 qui
918 560 958 604 ἣν
981 558 1098 610 φαμὲν.
1120 558 1222 595 Conf.
1241 559 1284 593 ad
1304 571 1336 593 v.
1368 559 1423 597 46.
1437 580 1475 586 -
1494 569 1536 590 ιο
1589 555 1739 604 ὀμνύναι,
1758 554 1950 603 μεταὸαλὼν
1966 553 2020 590 τὸν
2036 553 2187 590 Διόνυσον
2206 553 2370 601 ὄμνυσιν.
2389 582 2432 589 .-
2445 555 2490 597 48
2506 555 2538 591 τὸ

605 615 799 666 Περικλέους
815 613 1021 663 Μεγακλέους
1033 606 1115 649 εἶναι
1128 611 1265 661 μητέρα.
1280 611 1317 648 τὸ
1329 611 1430 659 ὄνομα
1448 609 1482 645 δὲ
1499 609 1537 645 τὸ
1590 610 1683 658 δεῦρο
1702 613 1745 645 R.

606 669 799 706 Ξανθίππου
822 673 877 712 V.,
900 669 960 715 qui
975 669 1022 703 ita
1035 667 1163 715 pergit,
1176 670 1231 702 νῦν
1245 665 1416 713 δυνάμενον
1430 666 1538 712 ἄμφο-

601 723 710 774 τέρους
727 724 893 767 δηλῶσαι,
925 722 1061 757 omissis
1088 717 1536 770 παρῴδηται-Μεγακλέους,

652 778 710 823 67,
741 778 781 811 18
798 774 1025 825 τοῦτο-μέρος
1039 788 1112 811 om.
1130 778 1172 810 V.

652 832 698 866 68
715 831 874 866 scholion
905 843 975 866 om.
1000 833 1045 863 V.
1075 823 1127 865 οἶα
1158 834 1222 869 τοῖς
1250 833 1377 878 μικροῖς
1401 827 1539 866 παιδίοις

603 883 672 926 ἔθος
686 882 983 934 χαριεντιζομένους
996 884 1206 932 προσπαίζειν
1218 881 1291 922 τοὺς
1304 887 1406 929 γονεῖς
1417 880 1539 917 Suidas

604 951 631 975 s.
653 938 847 988 Ἐκορίζετο.

654 1005 713 1035 70,
746 994 860 1028 26-28
887 994 937 1028 sic
965 996 1022 1034 R„
1040 991 1145 1033 ξυστὶς
1169 991 1200 1026 λ.
1225 990 1262 1026 τὸ
1281 992 1460 1039 πορφυροῦν
1476 990 1539 1036 ῖμ.,

604 1044 682 1096 ὅπερ
700 1048 729 1080 οἱ
746 1047 872 1095 ἡνίοχοι
890 1048 1035 1096 χρῶνται
1049 1046 1083 1080 ἐν
1100 1048 1140 1094 τῇ
1154 1046 1286 1093 ἱππικῇ.
1306 1048 1346 1080 V.
1362 1056 1432 1079 om.
1450 1057 1539 1090 πομ-

606 1098 807 1140 πεύοντες.-
818 1103 863 1135 30
882 1100 1040 1136 σωσάνιον
1057 1100 1101 1136 ab
1120 1101 1196 1136 aliis
1209 1098 1377 1136 σουσάνιον
1390 1098 1538 1134 diciturz

608 1165 637 1187 v.
659 1156 813 1202 Dncang.
831 1166 857 1191 s.
874 1155 1005 1190 Σοῦσον.

656 1219 713 1251 71,
745 1210 788 1243 33
813 1221 865 1255 sq.
896 1210 929 1243 αἱ
946 1207 979 1243 δὲ
1007 1204 1092 1254 αἶγες
1119 1207 1197 1257 πρὸς
1218 1207 1261 1243 τὰ
1284 1205 1466 1255 τραχύτερα
1486 1204 1541 1241 καὶ

604 1262 781 1312 ὀρεινότερα
809 1262 976 1311 διάγουσιν
1006 1262 1132 1298 Suidas
1153 1275 1181 1297 s.
1199 1261 1342 1298 Φελλέα.
1356 1284 1393 1290 —-
1407 1262 1452 1296 36
1464 1259 1541 1296 Ἄλ-

603 1321 676 1359 λως.
694 1317 789 1357 τόπος
812 1315 907 1358 Ald„
934 1317 1117 1364 praemisso
1138 1316 1274 1352 scholio
1298 1316 1431 1359 inutili,
1447 1313 1542 1354 τόπος

606 1372 688 1408 οὕτω
713 1369 908 1417 καλούμενος
926 1371 959 1405 ἐν
983 1369 1123 1418 Ἀττικῇ.
1142 1370 1177 1405 οὗ
1202 1368 1266 1418 μὴν
1288 1368 1371 1404 ἀλλὰ
1387 1368 1443 1404 καὶ
1468 1365 1541 1415 περὶ

606 1426 660 1461 τὸν
684 1424 836 1461 Διόνυσόν
863 1423 933 1460 ἐστί
955 1437 1003 1464 τις
1024 1422 1117 1473 ἑορτὴ
1141 1428 1206 1463 τοῖς
1224 1423 1402 1468 Ἀθηναίοις
1415 1422 1542 1461 Φέλλος

609 1477 811 1525 καλουμένη·
837 1478 925 1525 (haec
950 1491 993 1512 ex
1010 1478 1119 1513 Suida
1144 1486 1302 1525 sumpta,
1328 1477 1390 1513 ubi
1418 1485 1471 1512 est
1487 1474 1543 1511 καὶ

608 1533 702 1582 ἑορτή
718 1546 764 1571 τις
777 1531 850 1581 περὶ
868 1532 920 1566 τὸν
936 1530 1088 1567 Διόνυσον
1106 1530 1230 1569 Φελλὸς
1248 1531 1459 1578 καλουμένη.)
1474 1530 1545 1574 ἥτις

609 1589 671 1621 τῶν
690 1585 864 1623 Διονυσίων
882 1584 1027 1634 ἄρχεται.
1045 1585 1220 1626 Λουκιανὸς
1240 1585 1274 1621 δὲ
1291 1587 1323 1621 ἐν
1340 1588 1385 1635 τῷ
1402 1585 1544 1635 περὶτῆς

613 1639 733 1688 Συρίης
755 1641 825 1674 θεοῦ
843 1642 886 1686 (c.
910 1641 982 1685 16),
998 1656 1011 1672 α
1029 1638 1180 1689 φαλλοὺς,
1199 1656 1213 1671 ιι
1225 1640 1335 1689 φησὶν,
1356 1658 1370 1672 «ι
1383 1640 1544 1683 Ἕλληνες

608 1697 654 1743 τῷ
670 1693 814 1743 Διονύσῳ
828 1692 1001 1744 ἐγείρουσιν
1013 1708 1022 1717 ·
1037 1694 1091 1730 ἐπὶ
1104 1696 1167 1730 τῶν
1182 1694 1236 1730 καὶ
1254 1693 1375 1730 τοιόνδε
1386 1709 1417 1730 τι
1432 1694 1544 1744 φέρου-

606 1764 676 1796 σιν,
701 1750 817 1799 ἄνδρας
832 1748 962 1798 μικροὺς
976 1751 1013 1785 ἐκ
1033 1748 1124 1791 ξύλου
1141 1748 1394 1797 πεποιημένους,
1417 1750 1544 1797 μεγάλα

609 1805 714 1840 αἰδοῖα
733 1803 876 1852 ἔχοντας.
895 1802 1045 1840 καλέεται
1063 1803 1097 1839 δὲ
1114 1804 1192 1840 τάδε
1212 1803 1445 1854 νευρόσπαστα.
1459 1820 1473 1834 n
1489 1802 1543 1839 καὶ

607 1856 816 1908 παρακατιὼν
832 1857 866 1892 δὲ
885 1875 899 1888 «ι
915 1859 946 1892 ἐν
964 1863 1027 1898 τοῖς
1042 1858 1252 1907 προπυλαίοις
1268 1861 1324 1894 τοῦ
1338 1857 1459 1907 Συρίης
1471 1860 1542 1893 Θεοῦ

608 1915 685 1948 ναοῦ
703 1911 817 1962 φαλλοὶ
838 1913 979 1956 ἑστᾶσιν,
996 1911 1050 1952 οὓς
1071 1911 1224 1954 Διόνυσος
1239 1911 1409 1955 ἐστήσατο.
1423 1928 1436 1942 ¹2
1453 1929 1486 1938 -
1498 1913 1539 1956 37

608 1965 763 2017 φελλέτας
777 1966 914 2002 Suidas.

656 2033 716 2064 72,
735 2027 781 2063 4ο
798 2033 850 2069 sq.
866 2033 937 2056 om.
954 2024 995 2056 V.
1007 2043 1045 2050 —-
1057 2022 1101 2063 43
1120 2021 1234 2064 ἶσάλην
1250 2028 1451 2068 corruptam
1468 2033 1542 2056 esse

606 2086 650 2109 ex
667 2073 760 2118 ἷξαλῆ
781 2074 816 2121 (i.
844 2087 874 2110 e.
898 2077 1003 2121 pellis
1020 2079 1162 2121 caprina
1179 2088 1190 2108 :
1212 2075 1256 2110 ab
1281 2074 1402 2117 ἴξαλος,
1422 2077 1539 2121 capra)

606 2136 700 2163 recte
722 2128 858 2163 monuit
876 2128 1107 2164 Casaubonns
1127 2131 1178 2163 De
1205 2137 1309 2175 satyr.
1330 2142 1427 2176 poes.
1458 2143 1487 2172 ι,
1510 2136 1542 2171 4,

606 2189 642 2216 et
661 2181 705 2215 ad
722 2181 900 2228 Theophr.
918 2182 1078 2217 Charact.
1108 2194 1142 2228 p.
1170 2187 1247 2225 147.
1266 2182 1539 2229 Corruptionem

605 2244 718 2270 tamen
736 2236 831 2271 illam
847 2237 930 2271 satis
950 2238 1129 2284 antiquam
1146 2249 1221 2272 esse
1234 2245 1377 2284 oportet
1391 2250 1399 2271 ε
1415 2238 1442 2271 si
1458 2237 1540 2284 qui—

606 2289 686 2324 ‹lom
713 2289 869 2324 Galenus
899 2290 933 2324 in
970 2294 1052 2326 Lex.
1085 2290 1259 2337 Hippocr.
1280 2290 1353 2337 jam
1383 2292 1543 2327 meminit

606 2343 700 2378 vocis
716 2342 833 2386 ἰσάλην
846 2371 855 2387 ,
876 2356 1025 2391 eamque
1059 2345 1205 2391 exponit
1239 2344 1386 2394 διφθέραν
1398 2373 1407 2390 ,
1426 2345 1540 2394 δέρμα.

604 2397 710 2444 Apud
727 2397 905 2432 Pollucem
930 2405 963 2441 4,
985 2411 996 2432 1
1009 2399 1069 2442 18,
1089 2407 1256 2446 corrupte
1273 2399 1402 2446 legitur
1419 2401 1541 2446 ἰζᾶνην,

601 2463 668 2499 pro
685 2451 809 2496 ἰξαλῆν,
827 2453 880 2487 vel
910 2452 1037 2497 ἷσάλην,
1057 2461 1094 2488 ut
1119 2466 1138 2488 a
1158 2454 1242 2488 viris
1263 2454 1377 2489 doctis
1390 2453 1462 2501 jam
1482 2456 1543 2491 ob-

601 2514 777 2541 servatum
797 2514 858 2542 est.
873 2506 964 2542 Vide
981 2508 1087 2543 etiam
1106 2511 1131 2542 F
1134 2508 1270 2542 oesium
1289 2509 1325 2542 in
1344 2511 1539 2552 OEconom,

600 2561 771 2608 Hippocr.
803 2574 834 2596 v.
851 2560 987 2605 Ἰξάλην.
1004 2564 1114 2597 Kos-r.
1143 2565 1181 2597 In
1203 2562 1271 2596 line
1292 2566 1426 2610 γοῦιναν
1452 2567 1536 2611 Reg.

651 2620 693 2656 74
713 2617 754 2649 R.
776 2613 884 2650 habet
903 2615 973 2650 ἀντὶ
990 2619 1046 2651 τοῦ
1067 2616 1166 2651 εἰπεῖν
1183 2614 1309 2663 ἴκτερον
1326 2610 1390 2652 οἷον
1407 2617 1539 2653 ἱππικὸν

601 2664 704 2714 ἔρωτα
730 2665 751 2709 ἢ
775 2667 867 2703 νόσον
885 2668 1032 2711 ἱππικήν.
1063 2670 1183 2704 Codex
1211 2670 1356 2705 Taurin.
1382 2669 1538 2720 ἵππεροντ

599 2720 731 2755 ἱππικὸν
750 2719 863 2769 ἔρωτα.
877 2721 986 2764 ἔπαιξε
1009 2722 1066 2766 τὴν
1083 2722 1169 2764 λέξιν
1196 2722 1286 2772 παρὰ
1312 2723 1366 2759 τὸν
1395 2724 1537 2774 ἴκτερον,

600 2774 642 2812 ὡς
659 2774 773 2821 κυρίως
789 2773 833 2820 (ὅς
852 2777 919 2811 ἐστι
932 2777 1034 2823 Reg.)
1046 2776 1193 2824 νόσημα,
1205 2776 1317 2820 ξανθῆς
1329 2779 1429 2825 χολῆς
1447 2779 1538 2829 παρὰ

599 2825 658 2869 τὴν
675 2829 731 2861 τοῦ
746 2827 899 2876 δέρματος
920 2829 1104 2878 ἐπιφάνειαν
1126 2829 1355 2880 περιχεομένου
1379 2833 1538 2878 (scrib.—

601 2880 672 2925 νης)
685 2894 692 2901 ·
712 2879 760 2915 διὸ
784 2882 838 2915 καὶ
863 2883 900 2917 τὸ
918 2882 1051 2931 κατέχεε
1065 2883 1149 2919 κατὰ
1168 2883 1261 2932 λόγον
1286 2885 1427 2935 ἐπέφερε.
1442 2910 1477 2917 -
1491 2894 1534 2933 47

602 2927 687 2973 οἶτος
703 2932 736 2969 δὲ
751 2934 805 2969 καὶ
819 2949 847 2970 τ.
866 2949 920 2984 χρ.
936 2936 1028 2971 αὐτὸν
1047 2936 1133 2972 ἐπιδ.
1146 2952 1177 2987 φ.
1194 2939 1290 2973 αὐτοῦ
1306 2937 1380 2976 ἴππ.
1402 2943 1437 2976 V.

650 2989 709 3031 80,
726 2989 746 3022 3
764 2988 867 3034 φιλίας
887 2992 926 3024 R.
945 2993 1074 3024 Totum
1093 2992 1252 3026 scholion
1275 3004 1346 3027 om.
1363 2996 1402 3028 V.

649 3042 708 3085 8¹,
735 3055 774 3077 12
794 3043 1018 3082 scribendum
1037 3044 1147 3089 δεξιᾶς,
1166 3059 1244 3081 cum
1271 3046 1369 3082 libris
1394 3048 1535 3093 quibus-

601 3096 678 3131 dam
696 3097 888 3144 Euripidis,
930 3135 932 3137 ,

649 3151 707 3193 82,
728 3156 771 3193 24
792 3150 859 3187 ἰδού
876 3152 1026 3187 Reizius.
1044 3146 1124 3192 εἶδος
1140 3153 1215 3188 ΑΙιΙ.

648 3205 706 3248 83,
728 3207 766 3240 31
787 3205 878 3242 ἄλλοι
894 3205 927 3242 δὲ
942 3206 1046 3256 ἀφίδρ.
1063 3207 1143 3243 Ald.

648 3259 706 3303 88,
727 3267 770 3301 4ο
789 3260 924 3306 ἱματίων
941 3269 1022 3309 post
1034 3261 1088 3296 καὶ
1105 3263 1211 3312 ἓκστρ.
1233 3263 1331 3309 ponit·
1351 3266 1391 3298 R.
1409 3271 1443 3297 et
1456 3265 1534 3299 Sui-

601 3310 662 3346 das
677 3324 703 3347 S.
722 3312 934 3364 Ἔκστρεψον.
951 3315 1006 3351 καὶ
1021 3314 1282 3365 ἐκστρεφομένων
1303 3329 1372 3352 om.
1392 3320 1473 3351 V.—
1487 3319 1530 3358 43

598 3365 780 3412 μετᾳὸαλοῦ
804 3368 874 3403 Ald.

1640 675 1706 708 92,
1723 662 1766 697 51
1786 659 1864 697 αὐτὸ
1879 659 1917 697 τὸ
1934 668 1969 696 et
1988 659 2094 696 πάντα
2109 658 2150 696 τὰ
2169 663 2230 702 τῆς
2251 674 2287 709 φ.
2308 663 2357 697 V.
2382 663 2442 704 τῆς
2458 674 2480 709 φ
2505 662 2541 701 εἷς

1591 715 1698 752 πάντα
1716 716 1836 752 Ald.-
1854 715 1900 750 δα
1916 714 1954 751 τὸ
1971 713 2114 751 δὲ--ἐλοέ
2129 727 2200 750 om.
2220 718 2260 750 V.

1640 775 1700 817 94,
1718 771 1740 805 6
1759 769 1827 805 ἐστὶ
1851 767 1887 805 τὸ
1903 773 2175 805 Hermannos.-
2189 770 2233 804 18
2260 770 2405 804 παῦλαν
2420 768 2490 817 ἔχει
2501 784 2536 804 κι-

1592 824 1712 866 νήσεως
1729 824 1784 860 καὶ
1805 826 1832 866 ζ.
1857 823 1935 859 Ald.
1960 835 2038 870 qnae
2053 823 2175 859 παῦλον
2192 821 2268 871 ἔχον
2309 835 2383 871 per
2409 831 2532 871 typog‘

1592 890 1747 913 errorem
1770 877 1876 913 habet
1903 877 1993 912 infra
2012 889 2053 911 αι
2081 885 2163 924 post
2188 879 2305 917 θᾶκος.
2335 879 2524 913 Corte-:tul

1593 945 1636 968 ex
1654 934 1808 968 Platone.
1821 955 1855 962 -
1868 945 1913 967 20
1930 934 1952 976 ἡ
1962 946 2032 969 συν.
2047 936 2090 967 R.
2108 934 2195 967 V.-
2206 944 2245 966 αι
2265 933 2342 967 τῶν
2357 933 2470 981 σοφῶν
2485 932 2528 976 ἤτι

1593 985 1647 1022 καὶ
1666 989 1760 1027 Oaxo<
1774 991 1817 1022 V.
1837 986 1986 1024 Ἀττικῶς
2005 990 2046 1022 R.
2065 990 2107 1022 G.
2132 984 2283 1022 Ἀττικὸν
2305 990 2352 1022 V.
2366 988 2533 1024 -23Σω

1593 1043 1727 1094 κράτην,
1740 1043 1849 1088 ἐπειδὴ
1863 1043 2043 1095 ἐφρόντιζον
2055 1042 2128 1094 περὶ
2141 1043 2301 1087 ἀλλήλων
2315 1043 2340 1087 ἢ
2357 1043 2413 1079 διὰ
2428 1043 2467 1080 τὸ
2477 1045 2543 1091 μηδ.

1595 1102 1635 1133 V.
1653 1098 1725 1148 περὶ
1745 1112 1814 1135 om.
1838 1098 1918 1134 Ald.
1938 1096 2113 1147 ἀλλοτρίων
2131 1098 2290 1133 Reizius.

1644 1154 1703 1199 96,
1723 1154 1767 1188 33
1786 1151 1918 1203 Κράτης
1931 1152 2008 1188 Ald.
2023 1150 2156 1188 Deinde
2165 1151 2543 1199 scribebatur-‘1¹:²5-

1594 1208 1763 1248 νος.-38
1790 1207 1917 1257 προθεὶς
1939 1211 2120 1243 Kusterus.
2149 1206 2368 1252 Legebatur
2394 1207 2543 1257 προσθείς.

1595 1284 1634 1291 -
1649 1266 1692 1303 4ο
1714 1262 1914 1296 Dindorfius
1932 1260 2060 1296 delevit
2075 1259 2172 1307 quod
2197 1269 2285 1307 post
2313 1259 2475 1308 ἔγκλημα
2489 1261 2543 1295 ad-

1597 1314 1749 1350 debatur
1769 1314 1915 1364 φαίνεται
1932 1314 1965 1350 δὲ
1985 1313 2039 1350 καὶ
2066 1313 2120 1349 ἐπὶ
2141 1312 2269 1349 τούτων
2298 1316 2319 1350 ὁ
2342 1313 2475 1351 Ἱππὼν
2488 1329 2543 1350 κω-

1598 1370 1787 1419 μῳδηθῆναι
1811 1369 1935 1420 φθάσας
1961 1368 2129 1419 (φαίνεται
2148 1361 2204 1404 οὖν
2226 1370 2246 1403 ὃ
2270 1366 2415 1405 Ἵππων
2429 1370 2484 1405 καὶ
2500 1369 2543 1404 ἐπὶ

1597 1422 1700 1473 τούτῳ
1712 1438 1743 1460 κ.
1758 1426 1810 1473 φθ.
1824 1424 1889 1471 V.).
1908 1424 2045 1459 Deinde
2060 1422 2245 1470 legebatur
2256 1422 2298 1458 τὸ
2310 1423 2347 1459 δὲ
2361 1425 2542 1471 &vi-(123-

1598 1478 1710 1525 μάτων
1725 1476 1808 1514 οὖδὲ.
1824 1478 1926 1524 Quo‘d
1941 1478 2032 1513 idem
2050 1477 2439 1525 correxitadjuvante.
2460 1481 2498 1522 V,
2515 1480 2538 1512 iu

1598 1544 1670 1579 quo
1688 1534 1705 1568 ὁ
1721 1530 1755 1567 δὲ
1770 1532 1806 1568 τὸ
1824 1531 1973 1580 ἔγκλημα
1991 1535 2046 1568 τοῦ
2062 1530 2096 1568 δὲ
2111 1529 2246 1567 σύνολον
2266 1533 2323 1567 ἐπ.
2345 1531 2530 1582 φιλοσοφίαν

1597 1608 1636 1616 —-
1649 1587 1692 1627 43
1715 1585 1964 1634 ἐπαγγέλλοντες
1981 1589 2021 1621 V.
2035 1608 2073 1616 -
2098 1591 2140 1627 44
2160 1587 2204 1625 ὡς
2229 1597 2309 1621 om.
2326 1589 2427 1622 V.-
2441 1589 2483 1626 45
2497 1585 2535 1621 τοι

1598 1639 1688 1688 φίλον
1703 1643 1744 1676 V.
1761 1640 1898 1676 Deinde
1917 1639 2136 1675 scribebatur
2152 1640 2181 1675 οἱ
2200 1638 2295 1675 δ’.-
2314 1643 2364 1682 46
2385 1640 2534 1676 Dindorl

1597 1692 1614 1728 ὃ
1636 1693 1823 1729 addidit„
1837 1695 1882 1736 48
1902 1695 1946 1730 de
1960 1694 2103 1742 Diphilo
2122 1693 2398 1742 iambograplio
2416 1708 2448 1730 v.
2466 1695 2536 1730 Mei-

1599 1749 1676 1784 nek.
1702 1749 1792 1784 nist.
1811 1751 1910 1784 Com.
1926 1761 1959 1796 p.
1988 1754 2070 1794 449,
2085 1748 2145 1795 qui
2161 1749 2207 1783 de
2221 1749 2331 1785 Boeda
2348 1763 2358 1784 :
2381 1766 2398 1780 σι
2414 1753 2536 1785 Non-en

1598 1802 1679 1845 viri,
1701 1803 1774 1837 sive
1795 1802 1880 1837 illud
1903 1802 2015 1843 Βοίδας
2036 1803 2103 1837 fuit
2125 1803 2199 1838 sive
2226 1804 2371 1849 Βοιδᾶς,
2395 1804 2536 1840 Siculum

1599 1857 1651 1891 vel
1692 1857 1817 1892 Italum
1851 1857 2101 1904 philosophum
2145 1857 2255 1892 fuisse
2296 1857 2510 1892 subindicat.
2524 1874 2535 1887 v

1598 1910 1699 1945 Adde
1715 1911 1936 1946 Dindorfium
1952 1911 1987 1945 in
2004 1911 2107 1946 Thes.
2122 1911 2248 1958 Steph.
2266 1924 2295 1946 s.
2318 1923 2358 1946 v.
2380 1911 2460 1947 Ald.
2474 1912 2536 1946 Βοῖ-

1597 1965 1716 2001 δαν.-
1731 1973 1776 2012 49
1796 1964 1843 2001 διὸ
1870 1965 1927 2000 οὐκ
1951 1965 1995 2004 εἷς
2018 1965 2096 2001 Ald.
2115 1965 2283 2001 Correxit
2304 1967 2534 2010 fleu-manuus,

1599 2027 1778 2067 praeeunte
1796 2020 1935 2063 Reizio,
1960 2019 2021 2066 qui
2041 2019 2083 2055 δι’
2098 2014 2135 2055 οὗ
2162 2021 2204 2061 εἰς
2226 2020 2484 2068 scripserat.-
2498 2021 2534 2054 50

1597 2076 1614 2109 ὁ
1630 2074 1765 2109 addidit
1795 2074 1948 2110 Reizius.
1960 2096 1998 2103 --
2019 2074 2063 2110 53
2090 2086 2167 2121 sqq.
2196 2074 2396 2122 Eupolidis
2429 2087 2533 2110 versus

1597 2136 1677 2163 sunt
1702 2142 1746 2163 ex
1787 2129 2007 2163 ten-ametris.
2039 2131 2119 2163 Post
2144 2127 2297 2170 ἐπίδειξιν
2338 2129 2533 2164 exciderunt

1597 2181 1737 2228 syllabae
1754 2182 1842 2217 duae.
1863 2185 1973 2218 Dum.
1990 2185 2072 2218 Post
2097 2181 2306 2231 Στησιχόρου
2322 2186 2532 2219 Heu-mannus

1596 2236 1727 2272 addidit
1741 2236 1819 2287 πρὸς
1840 2235 1899 2280 τὴν
1917 2234 2016 2286 λύραν
2040 2249 2084 2272 ex
2100 2237 2238 2272 scholio
2257 2250 2292 2272 v.
2316 2241 2401 2273 180.

1646 2293 1705 2338 98,
1721 2293 1743 2327 6
1758 2290 1847 2327 οὐδὲν
1864 2291 2000 2342 ἔφασκε,
2024 2292 2044 2326 8
2062 2291 2099 2327 τὸ
2113 2291 2191 2328 αὐτὸ
2212 2296 2309 2328 τοῦτο
2327 2292 2482 2342 γνωρίσαι
2501 2295 2531 2324 l'.

1595 2369 1634 2375 —
1647 2359 1669 2392 9
1689 2345 1726 2381 ἂν
1740 2359 1809 2381 om.
1827 2349 1915 2381 V.-
1933 2359 1974 2381 ιο
1988 2348 2051 2381 τῶν
2068 2345 2142 2395 περὶ
2162 2347 2259 2382 αὐτοῦ
2275 2349 2322 2383 V.

1650 2413 1728 2444 102,
1754 2401 1865 2435 12-18
1885 2400 1957 2440 τοὺς
1978 2399 2167 2449 φιλοσόφους
2193 2400 2299 2441 οὕτως
2328 2400 2473 2437 ἐκάλουν.
2499 2403 2530 2435 R.

1595 2453 1631 2490 τὸ
1641 2453 1674 2490 δὲ
1690 2454 1823 2503 πόνηροι
1840 2454 1911 2490 ἀντὶ
1926 2459 1981 2491 τοῦ
1998 2454 2142 2490 ἐπίπονοι
2162 2458 2202 2490 R.
2213 2457 2254 2491 V.
2268 2454 2308 2491 τὸ
2322 2454 2360 2490 δὲ
2379 2453 2530 2496 ἀλαζόνας,

1596 2508 1681 2548 ἰδίως
1699 2508 1854 2550 ἀλαζόνας
1871 2508 1943 2548 τοὺς
1973 2507 2112 2558 ψεύστας
2142 2509 2245 2543 καλεῖ.
2265 2509 2404 2549 εἰκότως
2419 2503 2470 2544 οὖν
2486 2509 2530 2542 καὶ

1595 2561 1722 2602 τούτους
1739 2561 1838 2602 οὕτως
1855 2562 1951 2610 λέγει.
1972 2565 2013 2597 V.
2029 2563 2177 2609 Reliqua
2194 2563 2383 2598 omittunt.

1649 2622 1727 2660 104,
1744 2628 1782 2651 21
1808 2616 2009 2666 λεπτόφωνος
2026 2620 2066 2651 R.

1649 2671 1726 2713 105,
1742 2683 1785 2704 αα
1808 2673 1825 2706 ὁ
1840 2670 1991 2720 πρέσὸυς,
2005 2672 2049 2705 23
2069 2671 2164 2706 αὐτοῦ
2181 2673 2225 2707 R.
2244 2671 2390 2715 ἀληθῶς,
2411 2677 2454 2714 24
2475 2685 2529 2717 μη-

1594 2722 1644 2759 δὲν
1661 2723 1694 2759 δὲ
1713 2727 1755 2759 V.
1768 2747 1805 2753 -
1821 2725 1864 2760 25
1887 2724 1970 2772 μηδὲ
1983 2725 2194 2774 μειρακιῶδες
2214 2738 2287 2761 om.
2310 2729 2355 2761 V.
2368 2728 2462 2761 -26
2476 2723 2528 2760 ἀπὸ

1593 2780 1648 2812 τοῦ
1667 2777 1751 2825 μηδὲ
1766 2781 1807 2813 τὰ
1824 2777 1924 2820 νήπια
1941 2778 2055 2813 παιδία
2073 2778 2192 2813 εἰδέναι
2206 2792 2238 2813 τι
2264 2779 2351 2815 Ald.

1648 2832 1727 2874 106,
1750 2844 1795 2877 29
1810 2834 1852 2872 ὡς
1869 2831 2015 2880 ἄγροικος
2029 2845 2098 2867 om.
2115 2836 2159 2868 V.
2181 2832 2260 2868 Ald.

1646 2898 1723 2930 107,
1741 2888 1850 2932 34-37
1870 2885 1907 2922 τὸ
1925 2885 1957 2922 δὲ
1970 2886 2183 2934 σχασάμενος,
2200 2886 2272 2922 ἀντὶ
2287 2891 2347 2923 τοῦ
2365 2885 2527 2924 καταπαύ-

1590 2952 1659 2980 σας.
1679 2940 1743 2975 ἀπὸ
1761 2946 1943 2989 μεταφορᾶς
1961 2943 2024 2976 τῶν
2042 2940 2315 2989 ἀποσχιζομένων
2338 2942 2396 2978 καὶ
2414 2943 2524 2989 διαχεο-

1590 2993 1694 3039 μένων
1720 2995 1853 3030 esdram.
1885 2993 2017 3034 Ἄλλως.
2055 2994 2242 3035 καταλύσας
2253 3023 2263 3039 ,
2302 2996 2528 3035 κατασπάσας,

1588 3045 1730 3087 ἀποστὰς
1755 3047 1866 3083 τούτου
1887 3048 1965 3082 Ald.
1985 3048 2053 3083 ἀντὶ
2069 3053 2122 3084 τοῦ
2139 3048 2353 3096 παυσάμενος
2373 3053 2432 3094 τῆς
2447 3052 2528 3086 ἱππι-

1587 3102 1663 3144 κῆς,
1683 3099 1703 3143 ἢ
1721 3100 1939 3150 ἀποχωρήσας
1954 3102 2077 3137 Suidas
2092 3116 2118 3138 s.
2138 3102 2333 3150 Σχάσον.-
2349 3106 2393 3149 37
2418 3104 2529 3153 σχάσαι

1585 3152 1647 3203 γὰρ
1672 3155 1718 3190 δεῖ
1747 3154 1798 3203 (δὴ
1817 3156 1955 3203 Suidas)
1987 3156 2041 3192 καὶ
2061 3157 2167 3191 Dind.
2204 3157 2347 3193 addidit
2375 3171 2422 3194 ex
2443 3163 2484 3194 V.
2501 3164 2529 3192 et

1587 3209 1703 3244 Suida.
1715 3232 1754 3239 —
1769 3211 1814 3255 39
1840 3210 1893 3245 καὶ
1919 3211 2010 3246 ΙΙίνδ.
2029 3219 2064 3245 et
2081 3213 2268 3258 sequentia
2285 3226 2362 3249 om.
2383 3216 2426 3250 V.
2438 3236 2476 3243 -
2493 3219 2529 3253 40

1586 3263 1723 3311 σχάσαις
1739 3264 1872 3299 Suidas.
1886 3265 2009 3313 σχάσαι
2029 3265 2107 3303 Ald.
2123 3266 2249 3314 σχάσον
2272 3262 2375 3316 aliud
2408 3267 2528 3304 Pintia--

1586 3331 1675 3354 rum.
1688 3325 1779 3360 -42
1800 3319 1836 3354 τὸ
1856 3322 2084 3356 Heu-mannus.
2100 3318 2156 3356 τὸν
2177 3321 2259 3357 Ald.

1641 3375 1717 3412 108,
1736 3373 1780 3414 45
1800 3373 1910 3420 ὀμνύει
1929 3375 1967 3410 ll.
