2931 4012
531 414 604 452 52⁶

532 492 688 540 (λέγηται
704 493 774 540 V.)‚
787 505 866 540 qnae
880 504 949 527 om.
966 490 1091 527 Suidas
1102 514 1113 535 ,
1138 488 1199 535 qui
1218 485 1462 534 γνήσιος-υἱὸς.

531 546 632 583 Libri
653 546 900 595 γνήσιον-υἱὸν.
915 569 954 576 -
969 558 1014 580 22
1032 542 1127 579 αὐτὸν
1144 543 1195 578 ἐπ.
1212 540 1347 577 Snidas.
1368 539 1463 576 αὐτὸν

530 602 562 636 ἐν
587 600 708 652 πρώτῳ
735 603 785 638 ἐπ.
803 602 896 637 libri.
923 599 1111 647 Sequentia
1123 610 1194 633 om.
1210 597 1254 633 Θ.
1269 603 1305 631 et
1316 595 1442 631 Suidas
1455 622 1464 639 ,

530 655 636 696 habet
659 660 759 704 Reg.,
786 657 847 704 qni
863 657 908 691 26
925 668 975 702 sq.
989 655 1068 691 Κῖον
1082 667 1090 675 ·
1107 646 1147 696 ἧν
1166 650 1199 687 δὲ
1215 655 1285 691 ταῖς
1302 648 1463 694 ἀληθείαις

530 710 615 750 Χῖος.
631 709 701 746 ὅθεν
711 710 762 746 διὰ
773 710 810 746 τὸ
820 708 1030 757 εὖμετάὸολον
1040 708 1135 743 αὐτοῦ
1149 706 1295 742 ἐκαλεῖτο
1305 703 1462 753 κόθορνος.

578 764 658 808 542,
678 767 723 800 28
745 765 801 801 Ἐν
817 764 880 814 γὰρ
896 764 950 812 (τῇ
968 763 1046 798 add.
1059 763 1116 808 Θ.)
1130 761 1210 796 Μιλ.
1235 759 1317 795 libri
1335 767 1465 806 praeter

528 820 568 852 R.
585 821 775 866 Sequentia
792 832 862 855 om.
879 816 983 855 etia'm
999 819 1046 852 Μ.
1059 837 1095 845 -
1109 817 1155 851 30
1179 814 1317 863 διάφορα
1339 812 1464 860 γίνεται

525 873 582 916 Θ.,
601 875 661 921 qui
679 887 748 910 om.
767 875 960 923 sequentia.
972 896 1011 904 —
1027 873 1072 908 36
1089 884 1159 907 om.
1176 871 1220 907 Θ.
1256 870 1301 905 Μ.
1325 868 1463 915 ἀμίδα-

526 927 593 977 οὗρ.
611 941 680 964 om.
702 932 744 964 V.
766 927 848 969 τινὲς
863 931 945 978 οὗρ.,
961 927 1110 974 ‘rb—¹3:77.
1129 928 1170 961 R·

574 981 659 1027 543,
679 984 723 1027 37
742 983 779 1019 τὸ
796 983 829 1019 δὲ
844 979 1126 1031 ἀνατετραμμένος
1146 977 1216 1014 ἀντὶ
1232 980 1292 1013 τοῦ
1310 977 1402 1013 ἆνακ.
1420 979 1461 1011 R.

576 1036 658 1078 544,
676 1042 716 1078 4ι
739 1038 875 1073 συνόντα
893 1038 938 1074 Θ.
955 1049 1024 1071 om.
1040 1038 1083 1070 R.
1102 1032 1211 1082 ὥσπερ
1235 1029 1464 1076 ἐνειθιζόμενος

525 1089 566 1124 V.
581 1089 838 1140 ὑπερεθιζόμενος
861 1095 903 1127 R.
929 1089 1143 1140 ἐρεθιζόμενον
1163 1090 1210 1122 Μ.
1224 1108 1263 1117 --
1277 1090 1322 1127 42
1347 1085 1462 1134 ἐδρατ-

522 1138 626 1188 τόμην
641 1147 697 1179 τοῦ
718 1145 783 1180 αἰδ.
801 1148 844 1180 V.
863 1146 904 1181 Θ.
933 1141 1133 1193 ἑδραττόμην
1152 1139 1229 1190 φησὶ
1251 1143 1307 1175 τοῦ
1329 1139 1393 1173 αἶδ.
1411 1142 1460 1173 Μ.

522 1193 578 1230 καὶ
599 1195 809 1245 δραττόμενος
830 1201 888 1235 τοῦ
907 1197 1028 1234 αἰδοίου
1052 1196 1133 1233 Ald.
1161 1194 1230 1231 ἄντ’
1257 1195 1396 1241 ἐμαυτοῦ
1415 1196 1459 1229 R.

521 1251 577 1284 τοῦ
596 1263 664 1287 υιιι.
693 1253 798 1289 etiam
816 1254 858 1289 Θ.
875 1253 915 1282 -”
930 1254 975 1295 43
1003 1249 1098 1299 γνοὺς
1114 1258 1149 1285 et
1166 1248 1318 1300 πρότερος
1343 1248 1460 1284 addita

521 1316 564 1339 ex
582 1308 623 1340 R.
635 1329 675 1337 -·
690 1312 733 1350 44
750 1306 790 1343 τὰ
805 1305 886 1343 αὐτὰ
907 1311 950 1343 R.
970 1309 1069 1342 ταῦτα
1086 1306 1128 1342 Θ.
1153 1307 1256 1339 ταῦτα
1280 1303 1399 1339 ceteri.
1418 1316 1460 1350 με

521 1358 680 1395 additum
697 1373 740 1396 ex
759 1364 802 1397 R.

571 1412 654 1457 545,
675 1414 814 1459 45Ἀντὶ
835 1418 892 1451 τοῦ
906 1418 948 1450 R.
968 1434 1012 1441 —
1027 1415 1071 1455 46
1092 1413 1230 1448 διακονεῖ
1257 1415 1298 1448 R.
1321 1412 1458 1459 διακυνῷ

521 1466 574 1509 V.,
587 1467 681 1512 qnod
699 1476 779 1514 post
796 1467 942 1517 Διονύσῳ
959 1468 1058 1515 ponit
1076 1470 1117 1501 G.
1131 1489 1168 1497 -·-
1185 1473 1227 1509 47
1249 1465 1286 1501 ἂν
1304 1478 1373 1500 om.
1389 1469 1432 1500 V.

570 1519 650 1563 548,
665 1521 684 1555 5
694 1533 705 1555 ι
723 1534 774 1568 sq.
784 1521 867 1557 Ἀντὶ
879 1524 936 1557 τοῦ
950 1519 1114 1568 τοὺς(τοὺς
1128 1521 1260 1565 om.V.)
1275 1518 1404 1562 ὀδόντας
1415 1521 1458 1555 εἷ-

518 1576 589 1607 πεῑν
600 1572 673 1613 τοὺς
681 1573 794 1623 χοροὺς
802 1569 870 1610 εἶπε
878 1575 960 1610 libri
975 1575 1235 1622 praeterR.—52
1246 1574 1331 1609 ἐστιν
1342 1578 1456 1610 om.V.

568 1627 649 1674 549.
662 1629 830 1664 Scholion
847 1630 1031 1664 metricum
1052 1641 1123 1664 om.
1138 1629 1241 1663 etiam
1261 1629 1303 1664 Θ.
1321 1631 1368 1662 Μ.
1384 1631 1456 1663 Re-

517 1680 595 1727 gius
615 1694 623 1716 τ
641 1681 799 1725 Πλαθάνη
815 1682 930 1730 κυρίως
944 1684 964 1725 ἡ
978 1682 1117 1717 πλατεῖα
1127 1680 1225 1721 σανίς·
1242 1685 1293 1716 νῦν
1310 1681 1342 1716 δὲ
1356 1680 1458 1728 ὄνομα

516 1732 609 1777 δῆθεν
628 1740 705 1782 μιᾶς
718 1737 782 1771 τῶν
802 1737 834 1772 ἐν
852 1736 929 1786 ᾅδου
948 1736 1205 1785 πανδοκευτριῶν
1221 1748 1230 1757 ·
1253 1734 1292 1777 ἣν
1322 1737 1342 1778 ἡ
1362 1734 1457 1785 ἑτέρα

514 1788 747 1840 πανδοκεύτρια
765 1790 874 1836 καλεῖ,
887 1791 931 1831 ὡς
947 1789 985 1826 ἂν
1004 1789 1120 1826 κατάσ·
1134 1802 1214 1824 ωσιν
1230 1790 1273 1830 ὡς
1288 1787 1456 1839 Ἡρακλέα

513 1840 568 1878 τὸν
583 1842 734 1880 Διόνυσον
748 1872 757 1889 ,
776 1844 831 1880 καὶ
851 1845 896 1880 δῶ
917 1843 1073 1894 τιμωρίαν
1091 1858 1135 1879 ων
1158 1843 1336 1891 ἐζημίωσεν
1359 1843 1456 1884 αὐτὰς

513 1896 558 1938 εἰς
571 1898 614 1933 τὰ
627 1896 725 1944 ὤνια,
743 1898 940 1949 καταφαγὼν
956 1898 1038 1935 αὐτὰ
1058 1896 1111 1935 ὅτε
1125 1898 1284 1942 κατῆλθεν
1307 1898 1358 1933 ἐπ’
1374 1900 1456 1934 ἀνα-

512 1954 602 2000 γωγῇ
615 1955 671 1988 τοῦ
686 1951 861 2003 Κερὸέρου.
874 1976 911 1983 -
927 1955 948 1988 6
960 1953 1028 1989 νυνὶ
1045 1956 1093 1989 Μ.
1108 1977 1146 1982 -
1160 1966 1178 1998 7
1193 1951 1227 1988 δὲ
1239 1965 1309 1988 om.
1323 1956 1363 1989 V.
1377 1951 1454 1988 ἕκα-

512 2019 586 2047 στῦς
595 2010 638 2043 V·
654 2008 697 2044 Θ.
712 2031 751 2038 -
764 2008 784 2042 8
800 2007 998 2055 ἡμιωὸολίου
1015 2011 1055 2044 R.
1068 2015 1104 2044 et
1115 2008 1240 2043 Suidas
1253 2020 1280 2043 s.
1298 2006 1455 2056 Ἀνημιω-

511 2058 653 2098 ὅολιαῖα.
680 2062 943 2111 ἡμιωὸολιμαίου
983 2063 1063 2099 Ald.
1091 2061 1114 2107 ἢ
1142 2060 1452 2111 ὠμὰ-πωλούμενα

511 2128 579 2151 om.
594 2117 731 2152 Suidas.
745 2144 782 2149 -
801 2131 823 2164 9
841 2120 896 2153 τοῦ
914 2116 1117 2165 ἡμιωὸολίου
1136 2117 1349 2164 Salmasius,
1368 2125 1454 2153 teste

508 2171 774 2217 Jnngermanno
791 2170 835 2206 ad
852 2172 1031 2208 Pollucem
1046 2184 1082 2218 9,
1100 2173 1158 2214 64.
1176 2171 1280 2206 Κυετ.
1303 2170 1453 2219 ἀνημιω-

508 2221 654 2259 ὃολιαίου
677 2225 719 2260 Θ.
736 2248 771 2254 -
789 2238 831 2260 ιο
860 2225 1003 2273 ὀνόματα
1030 2226 1074 2262 Θ.
1103 2233 1138 2261 et
1164 2225 1300 2261 Suidas.
1337 2227 1453 2261 Ceteri

509 2275 762 2324 ὄνομα.-οὕτως
780 2279 941 2314 additum
967 2292 1010 2315 ex
1025 2279 1145 2315 Suida.
1161 2279 1211 2314 ἀν’
1237 2277 1452 2326 ἡμιωὸόλιον,

508 2330 782 2378 ἀνημιωὸολιαῖον
807 2333 1005 2368 Salmasius.
1040 2332 1312 2379 ἀνημιωὸολιαῑον
1346 2333 1449 2368 etium

505 2384 561 2430 0„
576 2386 637 2433 qui
651 2387 832 2433 sequentia
844 2399 915 2423 om.
929 2386 1028 2424 Libri
1041 2386 1290 2435 ἀνημιωὸόλιον,
1303 2388 1450 2434 ἀνημιω-

505 2436 644 2475 Βολιαῖα.
663 2439 741 2490 πρὸς
764 2440 800 2476 τὸ
812 2455 845 2489 χ.
862 2441 954 2485 δηλοῖ
979 2445 1034 2484 V.‚
1053 2441 1283 2488 sequentibus
1300 2442 1448 2476 omissis.

503 2516 541 2524 —
563 2496 604 2530 13
620 2494 657 2531 τὸ
678 2510 713 2545 χ.
741 2496 820 2531 Ald.
836 2519 875 2526 -
896 2503 935 2539 ι4
966 2495 1189 2531 scribebatur
1209 2494 1368 2545 ἑψημένα.
1395 2498 1448 2538 ζε-

503 2548 565 2584 στά
584 2552 708 2585 Κ.-αι
728 2552 975 2598 ἐπισημειοῦται
987 2550 1112 2588 codeX.

552 2603 638 2650 555,
655 2605 699 2638 28
719 2605 796 2654 πρὸς
814 2610 916 2641 ταῦτα
931 2609 972 2641 R.

553 2657 622 2692 558
636 2684 646 2701 ,
664 2658 708 2693 33
731 2661 774 2696 Οἱ
797 2659 935 2696 Ἀττιιιοὶ
959 2658 1132 2710 οὐδετέρως
1153 2659 1249 2709 φασίν
1270 2663 1312 2695 V.
1329 2661 1358 2695 οἱ
1375 2673 1444 2696 om.

501 2709 583 2745 libri
602 2719 726 2757 praeter
738 2714 782 2749 Θ.
798 2713 970 2762 οὐδετέρως
984 2714 1021 2750 τὸ
1044 2714 1174 2764 τάριχος
1190 2718 1229 2751 R.

551 2764 634 2808 562,
657 2766 700 2807 43
720 2766 833 2815 πικρὸν
847 2780 920 2802 om.
935 2771 976 2805 V.
1001 2769 1046 2805 Θ.
1066 2771 1115 2804 Μ.

549 2818 619 2854 563
637 2822 678 2854 R.
695 2819 763 2854 hoe
786 2821 911 2856 ordine
941 2821 1284 2872 ἐπαίρων-γυναῖκας.
1313 2823 1442 2859 τὸ-δι-

499 2870 589 2909 δόναι
603 2877 784 2922 πανταχοῦ.

549 2927 620 2963 566
637 2940 706 2963 om.
724 2930 766 2963 V.

546 2983 631 3029 567,
654 2988 674 3026 4
696 2982 921 3019 scribendum
950 2983 1088 3019 videtur
1108 2986 1155 3033 τῷ
1183 2985 1437 3035 Καλλιστράτου.

495 3039 607 3073 Dmn.
622 3061 661 3068 -
682 3039 701 3073 5
720 3037 798 3087 πρὸς
813 3039 908 3074 τοῦτο
925 3040 966 3073 R.

1242 405 1517 444 ADNOTATIO
1542 406 1593 443 m
1619 405 1780 444 scfloL.

1519 485 1678 533 λέγονται.
1691 509 1740 515 -—
1763 500 1804 532 17
1824 487 2040 535 διαλέγονται.
2057 487 2114 524 καὶ
2126 487 2180 524 ὅτι
2205 486 2380 538 τέσσαρες
2394 488 2429 524 ἐν
2444 490 2481 538 τῇ

1518 543 1622 590 σκηνῇ
1641 540 1844 590 διαλέγονται
1859 544 1902 579 Θ.
1918 542 2109 590 διαλέγεται.
2127 542 2372 592 παραιτητέον
2389 541 2425 578 δὲ
2437 542 2481 578 ὅτι

1517 594 1669 645 τέσσαρες
1683 598 1724 644 τῇ
1743 599 1847 644 σκηνῇ
1863 594 2062 643 διαλέγονται
2080 599 2129 632 Μ.

1567 649 1651 693 576,
1673 651 1716 685 23
1732 644 1842 701 τ’ῼτινι
1854 650 1990 700 λάρυγγι
2002 648 2073 691 τοὺς
2090 650 2214 700 ἄρτους
2241 649 2447 701 κατέφαγες.
2461 651 2479 694 ἢ

1518 702 1580 738 τινὶ
1596 706 1661 739 τῶν
1678 703 1814 754 ἐντέρων
1833 704 1934 754 μέρει.
1953 704 2084 746 κύλικας
2102 704 2124 748 ἢ
2141 708 2191 741 V.
2214 703 2239 748 ἢ
2258 704 2342 747 τοὺς
2373 706 2481 755 ἄρτους

1518 760 1560 793 R.
1577 756 1649 799 τοὺς
1669 758 1782 809 ἄρτους
1800 763 1849 796 Μ.
1866 780 1915 787 —-
1933 759 1977 795 25
1996 759 2028 795 δὲ
2046 773 2118 796 om.
2133 763 2181 795 R.

1568 811 1651 858 578,
1675 826 1718 858 27
1736 812 1796 857 τὴν
1816 813 1934 863 κρόκην
1949 814 2062 850 Suidae
2081 815 2135 850 ed.
2163 815 2329 850 Mediol.
2347 827 2376 850 s.
2407 815 2478 851 ’Ex-

1516 871 1692 910 πηνιεῖται.
1706 888 1753 894 -
1773 868 1818 902 28
1844 866 1989 911 πηνί’,ἐξ.
2012 868 2054 904 Θ.
2078 867 2205 911 πηνίου
2233 867 2282 909 ἐξ.
2317 868 2403 903 Ald.
2420 870 2477 903 Se-

1517 921 1661 968 quentia
1673 934 1744 960 om.
1761 923 1866 958 etiam
1881 923 1924 959 Θ.
1942 926 1991 958 Μ.
2002 943 2044 949 -
2057 923 2098 958 31
2116 921 2309 972 διφθόγγου
2325 922 2478 972 γράφεται

1516 979 1653 1012 Pon-tus.
1672 976 1995 1026 διφθογγογραφεῖται
2009 976 2088 1013 Ald.
2105 1002 2155 1009 —
2179 979 2229 1013 3²
2248 978 2476 1021 ἐκπηνιεῖται,

1519 1031 1562 1065 33
1581 1044 1653 1077 τιμ.
1668 1029 1834 1076 ἐξελάσει,
1851 1032 1894 1074 34
1911 1030 2012 1073 ἐξάξει
2023 1059 2033 1077 ,
2049 1030 2168 1080 ὥσπερ
2185 1031 2305 1079 ἐξάγει
2319 1034 2339 1067 ὃ
2356 1031 2477 1074 σκώληξ

1515 1083 1574 1128 τὴν
1593 1083 1735 1132 μέταξαν
1749 1099 1757 1107 ·
1775 1099 1812 1121 π.
1831 1084 1894 1136 γὰρ
1917 1088 1939 1128 ἡ
1958 1085 2029 1134 μ.ἢ
2053 1084 2103 1121 ὅτι
2132 1085 2260 1130 πηνίον
2295 1085 2431 1134 λέγεται
2447 1087 2476 1121 το

1515 1140 1602 1185 νῆμα
1620 1141 1677 1182 τῆς
1711 1139 1853 1189 ἀράχνης
1888 1141 1931 1180 ὥς
1961 1139 2025 1177 ἀπὸ
2054 1143 2109 1177 τοῦ
2143 1139 2244 1175 πένω
2271 1139 2316 1176 τὸ
2357 1141 2475 1189 ἐνεργῶ.

1514 1190 1625 1243 ὥσπερ
1636 1187 1692 1229 οὖν
1707 1195 1808 1229 ἐκεῖνο
1822 1193 1860 1229 τὸ
1873 1193 1985 1238 πηνίον
2001 1195 2038 1230 ἐκ
2048 1196 2106 1237 τῆς
2119 1197 2240 1241 πυγῆς
2255 1192 2394 1239 ἐκείνης
2407 1194 2476 1243 ἐξέρ-

1513 1260 1620 1295 χεται,
1638 1247 1721 1284 οὕτω
1741 1247 1819 1298 φησὶ
1837 1248 1893 1284 καὶ
1912 1250 1930 1284 ὃ
1947 1247 2060 1284 Κλέων
2078 1250 2116 1284 ἐκ
2131 1253 2206 1300 τοῦ,
2216 1248 2369 1296 στομίου
2390 1250 2475 1284 αὑτοῦ

1515 1300 1663 1351 ἀφέλκων
1679 1300 1771 1338 ἔσται
1788 1303 1831 1343 ὡς
1846 1302 1946 1346 πηνία
1961 1302 2002 1339 τὰ
2017 1302 2308 1352 καταὸρωθέντα.
2326 1302 2416 1339 ἔστιν
2429 1298 2475 1338 οἶν

1513 1353 1598 1402 θέμα
1612 1355 1774 1400 ἐκπηνίζω
1786 1364 1853 1392 etc.
1869 1359 1954 1404 Reg.
1971 1358 2065 1392 —38
2078 1355 2117 1392 τὸ
2132 1354 2171 1393 δὲ
2186 1356 2476 1407 προσκαλούμενος

1514 1408 1584 1445 ἀντὶ
1613 1412 1669 1445 τοῦ
1685 1411 1826 1446 ἐνκαλῶν
1846 1414 1889 1447 R.
1904 1431 1952 1437 -—
1967 1412 2015 1458 39
2029 1410 2131 1446 addit
2147 1415 2195 1446 V.
2218 1410 2241 1446 ἃ
2260 1410 2391 1460 ἔφαγεν
2406 1414 2475 1458 ἡμῖν

1513 1462 1681 1513 ἕφελκύσει
1698 1466 1888 1514 κατηγορῶν
1903 1466 2011 1502 αὗτοῧ.
2030 1464 2112 1514 πρὸς
2124 1464 2173 1501 τὰ
2192 1466 2279 1514 παρ’
2301 1467 2405 1501 αὐτοῦ
2420 1464 2475 1500 ἄνα

1512 1516 1685 1567 εἰρημένα,
1703 1531 1781 1566 quae
1794 1531 1866 1555 om.
1885 1522 1928 1555 G.

1564 1572 1645 1619 579,
1664 1579 1710 1615 4ο
1725 1575 1743 1609 ὁ
1758 1585 1827 1608 om.
1846 1576 1886 1610 V.
1904 1595 1946 1601 —
1967 1579 2013 1615 42
2033 1572 2230 1614 κελευσθεὶς
2246 1574 2338 1610 Ald.

1564 1627 1631 1662 588
1644 1653 1655 1673 ,
1676 1626 1717 1661 5ι
1743 1627 1916 1675 μάντεσσιν
1929 1656 1939 1673 ,
1967 1628 2011 1663 52
2038 1628 2269 1678 καταφορὸᾶν
2300 1631 2347 1665 R.
2374 1631 2469 1677 Reg.:

1512 1679 1560 1716 Τὸ
1575 1678 1608 1715 δὲ
1622 1680 1758 1728 γλάμων
1771 1683 1800 1717 οἱ
1829 1681 1886 1730 μὲν
1904 1681 2007 1730 ὄνομα
2027 1683 2131 1718 αὗτοῧ
2157 1682 2268 1732 φασὶν
2284 1710 2295 1727 ,
2312 1685 2346 1719 οἱ
2361 1682 2395 1720 δὲ
2412 1686 2469 1719 ἀντὶ

1510 1737 1567 1769 τοῦ
1591 1736 1608 1770 ὀ
1625 1733 1733 1781 λήμας
1765 1736 1797 1771 ἓν
1819 1740 1883 1776 τοῖς
1901 1737 2077 1785 ὀφθαλμοῖς
2097 1734 2194 1784 ἔχων
2220 1736 2284 1772 καὶ
2305 1737 2358 1772 ἀεὶ
2379 1739 2468 1784 ‘²⁸:⁹3²-

1512 1787 1663 1824 ὅλώττων
1693 1789 1769 1836 (sic)
1783 1803 1790 1811 ·
1818 1789 1910 1825 ἄλλοι
1942 1789 1976 1826 δέ
2006 1803 2088 1839 φασι
2113 1789 2179 1826 τὸν
2214 1791 2407 1841 ἀκάθαρτον
2423 1792 2466 1826 καὶ

1511 1842 1647 1893 αἰσχρὸν
1666 1844 1838 1889 σημαίνειν
1851 1844 1910 1888 τὴν
1923 1843 2016 1885 λέξιν.
2029 1846 2147 1880 ὁποῖον
2168 1838 2229 1880 οἶν
2245 1843 2290 1880 ἂν
2307 1845 2464 1893 σημαίνοι,

1510 1901 1530 1941 ἡ
1549 1897 1631 1940 λέξις
1647 1899 1784 1934 ἐνταῦθα
1800 1898 1854 1934 ἐπὶ
1870 1898 2046 1947 σκώμματι
2065 1899 2127 1935 καὶ
2148 1899 2350 1950 διασυρμῷ.
2372 1899 2406 1936 τὸ
2419 1902 2461 1935 τοῦ

1511 1950 1710 1999 Ἀρχεδήμου
1725 1951 1826 1999 ὄνομα
1839 1954 1882 1994 ὡς
1897 1952 2058 2003 ἐρωμένου
2072 1952 2172 1994 ὄντος
2190 1955 2244 2003 τῷ
2264 1954 2419 2003 Διονύσῳ.

1560 2005 1642 2052 590,
1669 2008 1746 2052 1-6,
1761 2016 1795 2042 et
1818 2007 1906 2042 infra
1932 2009 2048 2043 20-28
2068 2021 2145 2044 om.
2170 2009 2289 2044 etiam
2307 2010 2352 2045 Θ.
2365 2012 2410 2045 Μ.
2423 2028 2458 2035 —

1512 2072 1528 2103 7
1549 2058 1582 2094 δὲ
1595 2071 1667 2097 om.
1684 2065 1727 2096 V.
1747 2060 1816 2096 ἐστὶ
1832 2060 1931 2096 πάλιν
1947 2062 2027 2096 ΛΙιΙ.
2047 2058 2051 2062 ⁴

1558 2117 1646 2160 605,
1665 2116 1710 2151 28
1728 2116 1777 2151 sic
1793 2118 1833 2151 R.
1855 2115 1907 2152 τὸν
1926 2115 2088 2166 Κέρὸερον
2108 2115 2309 2168 (Κέρὸερον
2323 2131 2392 2153 om.
2409 2117 2455 2164 Υ.)

1508 2167 1588 2204 κύνα
1600 2173 1640 2205 V.
1661 2170 1741 2205 Ald.
1758 2169 1812 2205 τὸν
1824 2169 1989 2219 κλέψαντα
2002 2169 2055 2207 τὸν
2071 2169 2160 2206 κύνα
2176 2178 2215 2206 et
2233 2171 2295 2208 τὸν
2311 2173 2456 2221 κλέψαντι

1506 2222 1560 2259 τὸν
1580 2223 1740 2274 Κέρὸερον
1761 2225 1866 2260 habet
1882 2227 1925 2262 Θ.

1556 2280 1640 2322 607,
1660 2280 1702 2314 33
1718 2278 1777 2326 μὲν
1789 2292 1860 2316 oin.
1873 2283 1912 2315 V.
1926 2279 1962 2316 τὸ
1974 2293 2044 2316 om.
2056 2281 2117 2322 Θ.,
2132 2282 2202 2328 qui
2215 2284 2264 2323 34
2281 2281 2388 2317 αὐτὸν.
2402 2284 2455 2316 Pro

1507 2332 1561 2367 his
1575 2326 1846 2383 ὧν-βαρῧᾶρων
1864 2338 1905 2370 R.
1924 2335 2028 2370 habet
2046 2333 2206 2383 ὀνόματα
2224 2335 2371 2378 τοξοτῶν
2384 2338 2453 2384 βαρ-

1506 2385 1625 2436 6άρων.
1644 2386 1788 2434 ὀνόματα
1807 2387 1939 2424 δούλων.
1953 2410 1998 2416 -
2020 2389 2065 2424 35
2084 2391 2134 2430 ὡς
2149 2389 2453 2440 δούλων-βαρὸἄ-

1505 2454 1568 2490 ρων
1589 2454 1660 2476 om.
1680 2445 1721 2478 V.
1742 2443 1786 2479 Θ.
1805 2457 1813 2477 :
1829 2443 1890 2478 sed
1907 2443 2038 2479 habent
2053 2444 2218 2491 glossam
2240 2445 2455 2494 ὀνόματαδού-

1503 2495 1567 2530 λων
1582 2494 1715 2543 (δούλων
1730 2508 1800 2532 oin.
1817 2499 1877 2544 G.)
1896 2497 2033 2539 τοξοτῶν
2050 2499 2253 2550 βαρὸάρων.
2271 2501 2309 2537 δέ
2327 2515 2396 2538 om.
2411 2504 2454 2545 R„

1502 2550 1563 2596 qui
1582 2550 1626 2585 36
1646 2551 1678 2585 ἐν
1691 2552 1739 2600 τῷ
1752 2544 1825 2586 εἶεν.
1849 2552 1901 2589 lb.
1915 2560 1951 2587 et
1967 2552 2057 2587 infra
2073 2552 2098 2587 1.
2123 2558 2172 2594 4ο.
2191 2554 2254 2591 καὶ
2272 2555 2376 2603 μάχει
2389 2553 2454 2602 (μᾶ-

1500 2618 1545 2652 χη
1560 2605 1621 2651 Θ.)
1642 2608 1685 2640 R.
1700 2609 1742 2640 V.
1761 2607 1804 2644 Θ.
1822 2606 1877 2642 καὶ
1892 2610 1946 2643 τοῦ
1962 2606 2054 2656 μάχῃ
2069 2608 2161 2644 Ald.
2178 2630 2235 2638 —-
2251 2612 2300 2655 37
2314 2609 2357 2646 τὰ
2373 2607 2454 2645 ἀλλό-

1500 2673 1573 2707 τρια
1591 2663 1634 2695 R.
1649 2684 1694 2692 -
1715 2661 1760 2695 38
1779 2661 2002 2697 scribebatur
2014 2662 2148 2709 μᾶλλον
2167 2665 2342 2715 ὑπερφυᾶ.
2359 2684 2399 2693 --
2418 2667 2451 2704 4ι

1499 2713 1552 2748 ἐπὶ
1566 2713 1603 2749 τὸ
1618 2716 1661 2749 R.
1677 2736 1724 2740 —
1744 2720 1788 2756 42
1807 2718 1864 2750 τοῦ
1882 2715 2024 2751 Ξανθίου
2040 2716 2083 2751 Θ.
2100 2737 2155 2744 —
2174 2719 2226 2759 43
2255 2714 2315 2756 οὖν
2333 2731 2402 2755 om.
2420 2720 2454 2753 R.

1548 2769 1590 2802 61
1603 2780 1614 2802 1
1635 2771 1678 2803 R.
1701 2768 1807 2805 habet
1818 2769 1855 2805 τὸ
1870 2769 1916 2817 μή
1939 2768 2008 2805 ἀντὶ
2022 2772 2082 2813 τῆς
2103 2771 2144 2806 οὗ
2166 2774 2340 2822 χρῶνται.
2358 2798 2403 2806 —-
2419 2772 2454 2807 5⁰

1497 2820 1657 2863 ἀπιθάνως
1671 2822 1748 2857 Ald.
1770 2823 1808 2859 ἐκ
1821 2826 1896 2869 τῆς,
1914 2823 1953 2858 51
1973 2822 2036 2872 γὰρ
2053 2822 2090 2859 τὸ
2105 2825 2155 2861 Θ.

1548 2877 1632 2921 618,
1655 2878 1675 2911 6
1702 2889 1754 2924 sq.
1789 2876 1826 2912 τὸ
1853 2877 1886 2912 δὲ
1914 2877 2145 2926 ἐν-κλίμακι
2165 2880 2205 2915 in
2232 2881 2312 2918 fine
2346 2881 2457 2919 scholii

1496 2930 1601 2966 habet
1620 2932 1663 2966 R.
1677 2951 1725 2957 —
1745 2932 1766 2966 8
1786 2931 1842 2967 καὶ
1857 2930 1942 2979 ‘'Op..
1955 2935 1997 2967 V.
2012 2952 2059 2959 —
2082 2946 2094 2967 ι
2109 2946 2125 2967 1
2150 2933 2310 2985 μάστιγξ
2327 2940 2378 2973 G..

1543 2986 1635 3026 621,
1673 2985 1712 3019 13
1743 2984 1881 3029 Ἐπειδὴ
1905 2988 1945 3022 V.
1966 2993 2001 3021 et
2031 2986 2168 3023 suidas
2190 3001 2221 3024 s.
2259 2992 2457 3033 Βασανίζειν-

1493 3037 1657 3087 ἐδαίροντο
1676 3040 1815 3076 Suidas.
1835 3060 1879 3067 —
1904 3042 1947 3076 18
1966 3039 2035 3076 ἐστὶ
2052 3040 2301 3089 χαλεπώτατα
2319 3050 2362 3082 V.
2374 3047 2416 3083 Θ.
2428 3068 2458 3075 -

546 3094 616 3140 569
632 3120 642 3135 ,
664 3106 676 3127 ι
689 3105 702 3127 ι
731 3092 810 3142 ᾅδου
827 3085 867 3135 ἦν
893 3095 936 3129 R.
951 3094 991 3127 V.
1007 3114 1044 3122 —
1065 3105 1106 3127 ια
1128 3090 1328 3141 Ὑπέρὸολος
1355 3095 1437 3131 libri
1497 3106 1539 3140 19
1555 3096 1724 3142 πανταχοῦ
1742 3096 1782 3130 V.
1800 3095 1845 3131 Θ.
1865 3098 2000 3130 M.—21
2017 3097 2076 3130 τοῦ
2091 3095 2241 3142 γητείου
2257 3100 2306 3138 Θ.
2332 3108 2368 3136 et
2384 3097 2459 3134 Sui-

499 3156 627 3195 praeter
638 3150 681 3185 R.
694 3169 731 3177 -
752 3152 791 3188 ι4
813 3146 858 3186 εἰς
872 3146 915 3183 Θ.
932 3159 996 3193 pro
1016 3145 1108 3194 περὶ,
1128 3159 1199 3181 om.
1215 3149 1254 3181 V.
1278 3146 1372 3183 αὐτὸν
1393 3152 1435 3185 R.
1491 3148 1552 3185 das
1571 3149 1644 3197 (qui
1663 3149 1760 3185 addit
1775 3148 1938 3185 τουτέστιν
1954 3150 2248 3200 ἀμπελοπράσου,
2261 3153 2301 3201 ἢ,
2314 3154 2360 3197 ὥς
2371 3167 2456 3196 τινες,

493 3204 547 3237 De
560 3209 673 3238 morte
695 3201 893 3250 Hyperboli
910 3201 992 3236 vide
1008 3200 1118 3236 schol.
1132 3201 1212 3236 Pac.
1230 3202 1294 3236 681
1305 3228 1312 3236 .

1488 3202 1615 3251 πράσου
1630 3202 1766 3253 φύλλῳ).
1780 3205 1825 3252 τῷ
1838 3202 1967 3251 γητείου
1982 3206 2027 3238 V.
2048 3205 2096 3253 τῷ
2111 3206 2248 3257 γητείῳ
2264 3210 2353 3247 Ald,
2367 3207 2456 3246 -23

542 3256 623 3300 570,
645 3256 687 3290 16
700 3255 854 3305 τέσσαρες
869 3253 923 3291 ἐπὶ
939 3256 1060 3298 σκηνῆς
1068 3258 1110 3291 R.
1130 3255 1239 3304 σαφῶς
1254 3255 1285 3289 ἐν
1300 3256 1347 3303 τῷ
1362 3254 1434 3291 0εᾶ-
1488 3256 1618 3294 παιδίου
1636 3261 1678 3294 R.
1696 3256 1809 3299 παιδὸς
1824 3259 1944 3294 ceteri.

491 3322 558 3360 τριρ
577 3312 620 3345 V.
634 3309 677 3346 Θ.
695 3312 744 3345 Μ.
761 3310 838 3346 ΑΙά.
855 3309 926 3346 Sed
952 3312 993 3347 V.
1014 3309 1050 3344 in
1075 3310 1143 3344 fine
1163 3308 1288 3345 scholii
1306 3321 1337 3346 ν.
1362 3311 1431 3346 566

491 3362 591 3400 addit
606 3362 853 3414 παρατηρητέον
871 3363 921 3400 ὅτι
936 3362 1089 3414 τέσσαρες
1114 3364 1147 3399 ἐν
1164 3365 1205 3413 τῇ
1235 3366 1339 3412 σκηνῇ
1355 3365 1427 3400 δια-

1537 3312 1620 3357 6²5,
1643 3324 1686 3357 27
1706 3312 1859 3349 Ξανθίου.
1888 3316 1964 3349 lmo
1984 3312 2167 3361 Διονύσου,
2192 3319 2261 3355 cui
2289 3318 2456 3358 tribuitur

1485 3366 1520 3401 in
1538 3366 1661 3402 codice
1676 3367 1858 3403 Vaticano.
1876 3370 1991 3402 Dum.
