<?xml version="1.0" encoding="UTF-8"?>
<!DOCTYPE html PUBLIC "-//W3C//DTD XHTML 1.0 Transitional//EN"
    "http://www.w3.org/TR/xhtml1/DTD/xhtml1-transitional.dtd">
<html xmlns="http://www.w3.org/1999/xhtml" xml:lang="en" lang="en">
 <head>
  <title>
</title>
<meta http-equiv="Content-Type" content="text/html;charset=utf-8" />
  <meta name='ocr-system' content='tesseract 3.04.00' />
  <meta name='ocr-capabilities' content='ocr_page ocr_carea ocr_par ocr_line ocrx_word'/>
</head>
<body>
  <div class='ocr_page' id='page_1' title='image "./scholiagraecain00dbgoog_0346.png"; bbox 0 0 2931 4012; ppageno 0'>
   <div class='ocr_carea' id='block_1_1' title="bbox 598 446 668 477">
    <p class='ocr_par' dir='ltr' id='par_1_1' title="bbox 598 446 668 477">
     <span class='ocr_line' id='line_1_1' title="bbox 598 446 668 477; baseline 0 -1"><span class='ocrx_word' id='word_1_1' title='bbox 598 446 668 477; x_wconf 75' lang='lat'>276</span> 
     </span>
    </p>
   </div>
   <div class='ocr_carea' id='block_1_2' title="bbox 565 514 1579 789">
    <p class='ocr_par' dir='ltr' id='par_1_2' title="bbox 565 514 1579 789">
     <span class='ocr_line' id='line_1_2' title="bbox 597 514 1552 571; baseline -0.007 -14"><span class='ocrx_word' id='word_1_2' title='bbox 597 521 653 558; x_wconf 68' lang='grc' dir='ltr'>καὶ</span> <span class='ocrx_word' id='word_1_3' title='bbox 669 519 838 571; x_wconf 82' lang='grc' dir='ltr'>τρυφηλός.</span> <span class='ocrx_word' id='word_1_4' title='bbox 865 548 910 553; x_wconf 76' lang='grc'><strong>-</strong></span> <span class='ocrx_word' id='word_1_5' title='bbox 931 519 1154 567; x_wconf 83' lang='grc' dir='ltr'>Κενταυρικῶς</span> <span class='ocrx_word' id='word_1_6' title='bbox 1170 529 1179 553; x_wconf 87' lang='lat'>:</span> <span class='ocrx_word' id='word_1_7' title='bbox 1204 515 1287 552; x_wconf 88' lang='grc' dir='ltr'>Λίαν</span> <span class='ocrx_word' id='word_1_8' title='bbox 1306 515 1440 565; x_wconf 80' lang='grc' dir='ltr'>ἀγρίως,</span> <span class='ocrx_word' id='word_1_9' title='bbox 1460 514 1552 559; x_wconf 88' lang='grc' dir='ltr'>δίκην</span> 
     </span>
     <span class='ocr_line' id='line_1_3' title="bbox 598 573 1579 625; baseline -0.009 -13"><span class='ocrx_word' id='word_1_10' title='bbox 598 574 802 625; x_wconf 70' lang='grc' dir='ltr'>Κενταύρων.</span> <span class='ocrx_word' id='word_1_11' title='bbox 820 576 863 611; x_wconf 80' lang='grc' dir='ltr'>Θ.</span> <span class='ocrx_word' id='word_1_12' title='bbox 879 573 1035 614; x_wconf 85' lang='grc' dir='ltr'>ἀτάκτως.</span> <span class='ocrx_word' id='word_1_13' title='bbox 1063 578 1138 607; x_wconf 74' lang='lat' dir='ltr'><em>Vict.</em></span> <span class='ocrx_word' id='word_1_14' title='bbox 1577 574 1579 577; x_wconf 79' lang='grc'>’</span> 
     </span>
     <span class='ocr_line' id='line_1_4' title="bbox 645 622 1554 677; baseline -0.009 -10"><span class='ocrx_word' id='word_1_15' title='bbox 645 643 690 667; x_wconf 75' lang='grc'>39.</span> <span class='ocrx_word' id='word_1_16' title='bbox 717 629 801 669; x_wconf 82' lang='grc' dir='ltr'>ὅστις</span> <span class='ocrx_word' id='word_1_17' title='bbox 818 641 826 665; x_wconf 87' lang='lat'>:</span> <span class='ocrx_word' id='word_1_18' title='bbox 842 623 920 665; x_wconf 64' lang='grc' dir='ltr'>ἸἨν.</span> <span class='ocrx_word' id='word_1_19' title='bbox 947 635 1023 663; x_wconf 71' lang='lat' dir='ltr'><em>Vicc.</em></span> <span class='ocrx_word' id='word_1_20' title='bbox 1042 626 1121 677; x_wconf 90' lang='grc' dir='ltr'>πρός</span> <span class='ocrx_word' id='word_1_21' title='bbox 1133 640 1205 662; x_wconf 87' lang='grc' dir='ltr'>τινα</span> <span class='ocrx_word' id='word_1_22' title='bbox 1219 627 1282 661; x_wconf 88' lang='grc' dir='ltr'>τῶν</span> <span class='ocrx_word' id='word_1_23' title='bbox 1301 627 1414 660; x_wconf 76' lang='grc' dir='ltr'>ἑαυτοῦ</span> <span class='ocrx_word' id='word_1_24' title='bbox 1430 622 1554 659; x_wconf 82' lang='grc' dir='ltr'>παίδων</span> 
     </span>
     <span class='ocr_line' id='line_1_5' title="bbox 596 679 1404 734; baseline -0.007 -14"><span class='ocrx_word' id='word_1_25' title='bbox 596 684 689 720; x_wconf 74' lang='grc' dir='ltr'>τοῦτό</span> <span class='ocrx_word' id='word_1_26' title='bbox 705 698 814 734; x_wconf 82' lang='grc' dir='ltr'>φησιν,</span> <span class='ocrx_word' id='word_1_27' title='bbox 828 682 919 718; x_wconf 81' lang='grc' dir='ltr'>οὔτι-ω</span> <span class='ocrx_word' id='word_1_28' title='bbox 934 685 991 726; x_wconf 73' lang='grc' dir='ltr'>τῆς</span> <span class='ocrx_word' id='word_1_29' title='bbox 1008 682 1104 731; x_wconf 81' lang='grc' dir='ltr'>θύρας</span> <span class='ocrx_word' id='word_1_30' title='bbox 1118 679 1307 727; x_wconf 85' lang='grc' dir='ltr'>ἀνοιγείσης.</span> <span class='ocrx_word' id='word_1_31' title='bbox 1325 690 1404 720; x_wconf 77' lang='lat' dir='ltr'>Vict.</span> 
     </span>
     <span class='ocr_line' id='line_1_6' title="bbox 565 736 1555 789; baseline -0.009 -8"><span class='ocrx_word' id='word_1_32' title='bbox 565 756 581 780; x_wconf 69' lang='grc'><strong>6</strong></span> <span class='ocrx_word' id='word_1_33' title='bbox 644 756 687 781; x_wconf 75' lang='grc'>40.</span> <span class='ocrx_word' id='word_1_34' title='bbox 713 746 731 779; x_wconf 79' lang='grc' dir='ltr'>ὁ</span> <span class='ocrx_word' id='word_1_35' title='bbox 741 744 817 784; x_wconf 80' lang='grc' dir='ltr'>παῖς</span> <span class='ocrx_word' id='word_1_36' title='bbox 830 755 839 779; x_wconf 86' lang='lat'>:</span> <span class='ocrx_word' id='word_1_37' title='bbox 854 742 897 780; x_wconf 85' lang='lat' dir='ltr'>‘O</span> <span class='ocrx_word' id='word_1_38' title='bbox 912 742 1061 782; x_wconf 88' lang='grc' dir='ltr'>Διόνυσος</span> <span class='ocrx_word' id='word_1_39' title='bbox 1075 740 1159 777; x_wconf 86' lang='grc' dir='ltr'>νεύει</span> <span class='ocrx_word' id='word_1_40' title='bbox 1171 739 1249 789; x_wconf 83' lang='grc' dir='ltr'>πρὸς</span> <span class='ocrx_word' id='word_1_41' title='bbox 1259 739 1313 775; x_wconf 85' lang='grc' dir='ltr'>τὸν</span> <span class='ocrx_word' id='word_1_42' title='bbox 1328 737 1483 781; x_wconf 81' lang='grc' dir='ltr'>Ξανθίαν,</span> <span class='ocrx_word' id='word_1_43' title='bbox 1498 736 1555 773; x_wconf 81' lang='grc' dir='ltr'>καὶ</span> 
     </span>
    </p>
   </div>
   <div class='ocr_carea' id='block_1_3' title="bbox 597 791 1582 848">
    <p class='ocr_par' dir='ltr' id='par_1_3' title="bbox 597 791 1582 848">
     <span class='ocr_line' id='line_1_7' title="bbox 597 791 1582 848; baseline -0.008 -14"><span class='ocrx_word' id='word_1_44' title='bbox 597 798 685 847; x_wconf 82' lang='grc' dir='ltr'>λέγει</span> <span class='ocrx_word' id='word_1_45' title='bbox 710 797 992 848; x_wconf 80' lang='grc' dir='ltr'>μειρακευόμενος,</span> <span class='ocrx_word' id='word_1_46' title='bbox 1015 799 1056 835; x_wconf 81' lang='grc' dir='ltr'>ὡς</span> <span class='ocrx_word' id='word_1_47' title='bbox 1080 795 1240 835; x_wconf 84' lang='grc' dir='ltr'>δείσαντος</span> <span class='ocrx_word' id='word_1_48' title='bbox 1258 793 1352 829; x_wconf 84' lang='grc' dir='ltr'>αὐτὸν</span> <span class='ocrx_word' id='word_1_49' title='bbox 1368 795 1425 828; x_wconf 80' lang='grc' dir='ltr'>τοῦ</span> <span class='ocrx_word' id='word_1_50' title='bbox 1448 791 1554 841; x_wconf 78' lang='grc' dir='ltr'>Ἥρα·</span> <span class='ocrx_word' id='word_1_51' title='bbox 1580 821 1582 836; x_wconf 79' lang='grc'>,</span> 
     </span>
    </p>
   </div>
   <div class='ocr_carea' id='block_1_4' title="bbox 597 845 1555 899">
    <p class='ocr_par' dir='ltr' id='par_1_4' title="bbox 597 845 1555 899">
     <span class='ocr_line' id='line_1_8' title="bbox 597 845 1555 899; baseline -0.01 -9"><span class='ocrx_word' id='word_1_52' title='bbox 597 851 718 893; x_wconf 80' lang='grc' dir='ltr'>κλέους.</span> <span class='ocrx_word' id='word_1_53' title='bbox 736 851 872 889; x_wconf 79' lang='grc' dir='ltr'>καθόλου</span> <span class='ocrx_word' id='word_1_54' title='bbox 889 850 951 899; x_wconf 78' lang='grc' dir='ltr'>γὰρ</span> <span class='ocrx_word' id='word_1_55' title='bbox 973 853 1113 886; x_wconf 77' lang='grc' dir='ltr'>τοιοῦτον</span> <span class='ocrx_word' id='word_1_56' title='bbox 1137 848 1300 896; x_wconf 79' lang='grc' dir='ltr'>εἰσάγουσι</span> <span class='ocrx_word' id='word_1_57' title='bbox 1319 846 1373 882; x_wconf 79' lang='grc' dir='ltr'>τὸν</span> <span class='ocrx_word' id='word_1_58' title='bbox 1391 845 1555 889; x_wconf 84' lang='grc' dir='ltr'>Διόνυσον,</span> 
     </span>
    </p>
   </div>
   <div class='ocr_carea' id='block_1_5' title="bbox 597 900 1584 953">
    <p class='ocr_par' dir='ltr' id='par_1_5' title="bbox 597 900 1584 953">
     <span class='ocr_line' id='line_1_9' title="bbox 597 900 1584 953; baseline -0.011 -9"><span class='ocrx_word' id='word_1_59' title='bbox 597 909 641 949; x_wconf 78' lang='grc' dir='ltr'>ὣς</span> <span class='ocrx_word' id='word_1_60' title='bbox 657 906 734 943; x_wconf 81' lang='grc' dir='ltr'>ὄντα</span> <span class='ocrx_word' id='word_1_61' title='bbox 751 905 866 951; x_wconf 82' lang='grc' dir='ltr'>δειλὸν,</span> <span class='ocrx_word' id='word_1_62' title='bbox 893 904 1000 953; x_wconf 91' lang='grc' dir='ltr'>(μόνον</span> <span class='ocrx_word' id='word_1_63' title='bbox 1019 903 1052 940; x_wconf 83' lang='grc' dir='ltr'>δὲ</span> <span class='ocrx_word' id='word_1_64' title='bbox 1077 901 1333 952; x_wconf 80' lang='grc' dir='ltr'>καυχηματίαν).</span> <span class='ocrx_word' id='word_1_65' title='bbox 1357 920 1397 926; x_wconf 89' lang='lat'><em>-</em></span> <span class='ocrx_word' id='word_1_66' title='bbox 1416 901 1434 935; x_wconf 81' lang='grc' dir='ltr'><strong>ὃ</strong></span> <span class='ocrx_word' id='word_1_67' title='bbox 1450 900 1525 940; x_wconf 81' lang='grc' dir='ltr'>παῖς</span> <span class='ocrx_word' id='word_1_68' title='bbox 1545 911 1553 935; x_wconf 89' lang='lat'>:</span> <span class='ocrx_word' id='word_1_69' title='bbox 1583 904 1584 917; x_wconf 66' lang='lat'>¹</span> 
     </span>
    </p>
   </div>
   <div class='ocr_carea' id='block_1_6' title="bbox 597 957 785 998">
    <p class='ocr_par' dir='ltr' id='par_1_6' title="bbox 597 957 785 998">
     <span class='ocr_line' id='line_1_10' title="bbox 597 957 785 998; baseline -0.005 0"><span class='ocrx_word' id='word_1_70' title='bbox 597 957 642 998; x_wconf 69' lang='grc' dir='ltr'>’Ὦ</span> <span class='ocrx_word' id='word_1_71' title='bbox 655 964 728 998; x_wconf 87' lang='grc' dir='ltr'>παῖ.</span> <span class='ocrx_word' id='word_1_72' title='bbox 746 969 785 998; x_wconf 82' lang='grc' dir='ltr'>Ε.</span> 
     </span>
    </p>
   </div>
   <div class='ocr_carea' id='block_1_7' title="bbox 1580 558 1582 1092">
    <p class='ocr_par' dir='ltr' id='par_1_7' title="bbox 1580 558 1582 1092">
     <span class='ocr_line' id='line_1_11' title="bbox 1580 558 1582 1092; baseline 0 0"><span class='ocrx_word' id='word_1_73' title='bbox 1580 558 1582 1092; x_wconf 95' lang='lat' dir='ltr'> </span> 
     </span>
    </p>
   </div>
   <div class='ocr_carea' id='block_1_8' title="bbox 552 1012 1560 2658">
    <p class='ocr_par' dir='ltr' id='par_1_8' title="bbox 553 1012 1556 1233">
     <span class='ocr_line' id='line_1_12' title="bbox 553 1012 1553 1069; baseline -0.014 -8"><span class='ocrx_word' id='word_1_74' title='bbox 553 1037 582 1062; x_wconf 88' lang='grc' dir='ltr'>ιο</span> <span class='ocrx_word' id='word_1_75' title='bbox 646 1034 691 1058; x_wconf 76' lang='lat' dir='ltr'>ss.</span> <span class='ocrx_word' id='word_1_76' title='bbox 719 1020 765 1069; x_wconf 82' lang='grc' dir='ltr'>μὴ</span> <span class='ocrx_word' id='word_1_77' title='bbox 780 1019 907 1068; x_wconf 82' lang='grc' dir='ltr'>μαίνοιό</span> <span class='ocrx_word' id='word_1_78' title='bbox 924 1033 960 1066; x_wconf 85' lang='grc' dir='ltr'>γε</span> <span class='ocrx_word' id='word_1_79' title='bbox 977 1031 986 1054; x_wconf 87' lang='lat'>:</span> <span class='ocrx_word' id='word_1_80' title='bbox 1002 1017 1141 1065; x_wconf 77' lang='grc' dir='ltr'>Δίδυμος</span> <span class='ocrx_word' id='word_1_81' title='bbox 1156 1015 1226 1052; x_wconf 72' lang='grc' dir='ltr'>ἀντὶ</span> <span class='ocrx_word' id='word_1_82' title='bbox 1243 1019 1299 1052; x_wconf 76' lang='grc' dir='ltr'>τοῦ</span> <span class='ocrx_word' id='word_1_83' title='bbox 1310 1042 1320 1062; x_wconf 95' lang='grc'>,</span> <span class='ocrx_word' id='word_1_84' title='bbox 1342 1013 1388 1062; x_wconf 84' lang='grc' dir='ltr'>μὴ</span> <span class='ocrx_word' id='word_1_85' title='bbox 1410 1012 1553 1062; x_wconf 87' lang='grc' dir='ltr'>μανείης.</span> 
     </span>
     <span class='ocr_line' id='line_1_13' title="bbox 597 1067 1554 1125; baseline -0.01 -13"><span class='ocrx_word' id='word_1_86' title='bbox 597 1074 812 1125; x_wconf 68' lang='grc' dir='ltr'>πιθανώτερον</span> <span class='ocrx_word' id='word_1_87' title='bbox 825 1073 858 1110; x_wconf 86' lang='grc' dir='ltr'>δὲ</span> <span class='ocrx_word' id='word_1_88' title='bbox 870 1074 941 1109; x_wconf 78' lang='grc' dir='ltr'>ἀντὶ</span> <span class='ocrx_word' id='word_1_89' title='bbox 951 1076 1006 1109; x_wconf 82' lang='grc' dir='ltr'>τοῦ</span> <span class='ocrx_word' id='word_1_90' title='bbox 1015 1100 1024 1117; x_wconf 88' lang='grc'>,</span> <span class='ocrx_word' id='word_1_91' title='bbox 1038 1069 1181 1108; x_wconf 77' lang='grc' dir='ltr'>ὓπέλαὸέ</span> <span class='ocrx_word' id='word_1_92' title='bbox 1192 1084 1229 1106; x_wconf 89' lang='grc' dir='ltr'>σε</span> <span class='ocrx_word' id='word_1_93' title='bbox 1242 1068 1411 1118; x_wconf 83' lang='grc' dir='ltr'>μαίνεσθαι</span> <span class='ocrx_word' id='word_1_94' title='bbox 1422 1070 1440 1103; x_wconf 79' lang='grc' dir='ltr'><strong>ὁ</strong></span> <span class='ocrx_word' id='word_1_95' title='bbox 1452 1067 1554 1116; x_wconf 83' lang='grc' dir='ltr'>Ἡρα-</span> 
     </span>
     <span class='ocr_line' id='line_1_14' title="bbox 597 1121 1556 1175; baseline -0.013 -8"><span class='ocrx_word' id='word_1_96' title='bbox 597 1131 688 1174; x_wconf 78' lang='grc' dir='ltr'>κλῆς.</span> <span class='ocrx_word' id='word_1_97' title='bbox 764 1128 896 1169; x_wconf 79' lang='grc' dir='ltr'>Ἄλλως.</span> <span class='ocrx_word' id='word_1_98' title='bbox 921 1127 967 1175; x_wconf 84' lang='grc' dir='ltr'>μὴ</span> <span class='ocrx_word' id='word_1_99' title='bbox 986 1125 1070 1162; x_wconf 73' lang='grc' dir='ltr'>οὕτω</span> <span class='ocrx_word' id='word_1_100' title='bbox 1088 1124 1237 1173; x_wconf 89' lang='grc' dir='ltr'>μανείης,</span> <span class='ocrx_word' id='word_1_101' title='bbox 1260 1126 1304 1164; x_wconf 84' lang='grc' dir='ltr'>ὡς</span> <span class='ocrx_word' id='word_1_102' title='bbox 1324 1121 1499 1158; x_wconf 78' lang='grc' dir='ltr'>ὓπολαὸεἶν</span> <span class='ocrx_word' id='word_1_103' title='bbox 1519 1135 1556 1156; x_wconf 85' lang='grc' dir='ltr'>σε</span> 
     </span>
     <span class='ocr_line' id='line_1_15' title="bbox 596 1181 1043 1233; baseline -0.007 -12"><span class='ocrx_word' id='word_1_104' title='bbox 596 1184 651 1221; x_wconf 81' lang='grc' dir='ltr'>τὸν</span> <span class='ocrx_word' id='word_1_105' title='bbox 661 1181 834 1233; x_wconf 66' lang='grc' dir='ltr'>’Ἡρακλέα</span> <span class='ocrx_word' id='word_1_106' title='bbox 852 1182 1043 1232; x_wconf 77' lang='grc' dir='ltr'>φοὸηθῆναι.</span> 
     </span>
    </p>

    <p class='ocr_par' dir='ltr' id='par_1_9' title="bbox 645 1234 1555 1293">
     <span class='ocr_line' id='line_1_16' title="bbox 645 1234 1555 1293; baseline -0.012 -12"><span class='ocrx_word' id='word_1_107' title='bbox 645 1257 690 1282; x_wconf 73' lang='lat'>⁴⁶.</span> <span class='ocrx_word' id='word_1_108' title='bbox 718 1244 772 1281; x_wconf 78' lang='grc' dir='ltr'>ἐπὶ</span> <span class='ocrx_word' id='word_1_109' title='bbox 786 1245 938 1293; x_wconf 80' lang='grc' dir='ltr'>κροκωτῷ</span> <span class='ocrx_word' id='word_1_110' title='bbox 955 1254 964 1279; x_wconf 88' lang='lat'>:</span> <span class='ocrx_word' id='word_1_111' title='bbox 982 1239 1192 1279; x_wconf 75' lang='grc' dir='ltr'>Διονυσιακὸν</span> <span class='ocrx_word' id='word_1_112' title='bbox 1207 1237 1333 1289; x_wconf 88' lang='grc' dir='ltr'>φόρεμα</span> <span class='ocrx_word' id='word_1_113' title='bbox 1350 1239 1368 1273; x_wconf 80' lang='grc' dir='ltr'><strong>ὃ</strong></span> <span class='ocrx_word' id='word_1_114' title='bbox 1384 1234 1555 1285; x_wconf 87' lang='grc' dir='ltr'>κροκωτός.</span> 
     </span>
    </p>

    <p class='ocr_par' dir='ltr' id='par_1_10' title="bbox 554 1289 1558 1504">
     <span class='ocr_line' id='line_1_17' title="bbox 554 1289 1557 1350; baseline -0.013 -13"><span class='ocrx_word' id='word_1_115' title='bbox 554 1313 584 1337; x_wconf 77' lang='lat'>15</span> <span class='ocrx_word' id='word_1_116' title='bbox 603 1299 708 1350; x_wconf 90' lang='grc' dir='ltr'>ἐφόρει</span> <span class='ocrx_word' id='word_1_117' title='bbox 725 1300 758 1334; x_wconf 85' lang='grc' dir='ltr'>δὲ</span> <span class='ocrx_word' id='word_1_118' title='bbox 775 1300 918 1341; x_wconf 77' lang='grc' dir='ltr'>λεοντῆν,</span> <span class='ocrx_word' id='word_1_119' title='bbox 935 1295 989 1331; x_wconf 78' lang='grc' dir='ltr'>ἵνα</span> <span class='ocrx_word' id='word_1_120' title='bbox 1005 1291 1027 1345; x_wconf 73' lang='grc' dir='ltr'>ᾖ</span> <span class='ocrx_word' id='word_1_121' title='bbox 1045 1294 1177 1345; x_wconf 79' lang='grc' dir='ltr'>φοὸερὸς</span> <span class='ocrx_word' id='word_1_122' title='bbox 1193 1295 1236 1334; x_wconf 77' lang='grc' dir='ltr'>ὡς</span> <span class='ocrx_word' id='word_1_123' title='bbox 1258 1292 1434 1342; x_wconf 78' lang='grc' dir='ltr'>Ἡρακλῆς.</span> <span class='ocrx_word' id='word_1_124' title='bbox 1453 1289 1557 1338; x_wconf 83' lang='grc' dir='ltr'>Ἦρα-</span> 
     </span>
     <span class='ocr_line' id='line_1_18' title="bbox 599 1343 1557 1402; baseline -0.013 -12"><span class='ocrx_word' id='word_1_125' title='bbox 599 1354 710 1395; x_wconf 84' lang='grc' dir='ltr'>κλέους</span> <span class='ocrx_word' id='word_1_126' title='bbox 723 1352 786 1402; x_wconf 83' lang='grc' dir='ltr'>γὰρ</span> <span class='ocrx_word' id='word_1_127' title='bbox 800 1351 925 1402; x_wconf 87' lang='grc' dir='ltr'>φόρεμα</span> <span class='ocrx_word' id='word_1_128' title='bbox 936 1353 958 1394; x_wconf 78' lang='grc' dir='ltr'>ἡ</span> <span class='ocrx_word' id='word_1_129' title='bbox 972 1351 1098 1393; x_wconf 76' lang='grc' dir='ltr'>λεοντῆ.</span> <span class='ocrx_word' id='word_1_130' title='bbox 1179 1347 1369 1398; x_wconf 80' lang='grc' dir='ltr'>[κροκωτῷ,</span> <span class='ocrx_word' id='word_1_131' title='bbox 1386 1343 1557 1393; x_wconf 80' lang='grc' dir='ltr'>γυναικείῳ</span> 
     </span>
     <span class='ocr_line' id='line_1_19' title="bbox 600 1393 1558 1455; baseline -0.013 -11"><span class='ocrx_word' id='word_1_132' title='bbox 600 1410 637 1445; x_wconf 82' lang='grc' dir='ltr'>ἐκ</span> <span class='ocrx_word' id='word_1_133' title='bbox 652 1407 757 1451; x_wconf 73' lang='grc' dir='ltr'>πήνης</span> <span class='ocrx_word' id='word_1_134' title='bbox 773 1403 957 1455; x_wconf 81' lang='grc' dir='ltr'>ἐνδύματι.]</span> <span class='ocrx_word' id='word_1_135' title='bbox 970 1425 1019 1432; x_wconf 82' lang='lat'>—-</span> <span class='ocrx_word' id='word_1_136' title='bbox 1034 1402 1207 1452; x_wconf 77' lang='grc' dir='ltr'>γυναικείῳ</span> <span class='ocrx_word' id='word_1_137' title='bbox 1224 1393 1379 1448; x_wconf 70' lang='grc' dir='ltr'>ἐνδύματι</span> <span class='ocrx_word' id='word_1_138' title='bbox 1404 1400 1440 1434; x_wconf 79' lang='grc' dir='ltr'>ἐκ</span> <span class='ocrx_word' id='word_1_139' title='bbox 1458 1396 1558 1446; x_wconf 83' lang='grc' dir='ltr'>μετά-</span> 
     </span>
     <span class='ocr_line' id='line_1_20' title="bbox 601 1461 782 1504; baseline -0.022 -5"><span class='ocrx_word' id='word_1_140' title='bbox 601 1461 616 1504; x_wconf 82' lang='grc' dir='ltr'>ξ</span> <span class='ocrx_word' id='word_1_141' title='bbox 639 1477 665 1503; x_wconf 88' lang='grc' dir='ltr'>ς.</span> <span class='ocrx_word' id='word_1_142' title='bbox 682 1462 726 1498; x_wconf 83' lang='grc' dir='ltr'>Θ.</span> <span class='ocrx_word' id='word_1_143' title='bbox 744 1467 782 1497; x_wconf 83' lang='lat' dir='ltr'>B.</span> 
     </span>
    </p>

    <p class='ocr_par' dir='ltr' id='par_1_11' title="bbox 616 1477 1557 1557">
     <span class='ocr_line' id='line_1_21' title="bbox 616 1477 1557 1557; baseline -0.012 -5"><span class='ocrx_word' id='word_1_144' title='bbox 616 1477 637 1507; x_wconf 74' lang='grc' dir='ltr'>η</span> <span class='ocrx_word' id='word_1_145' title='bbox 648 1529 691 1553; x_wconf 75' lang='lat'>⁴7.</span> <span class='ocrx_word' id='word_1_146' title='bbox 715 1515 763 1557; x_wconf 88' lang='grc' dir='ltr'>τίς</span> <span class='ocrx_word' id='word_1_147' title='bbox 776 1517 794 1551; x_wconf 80' lang='grc' dir='ltr'>ὁ</span> <span class='ocrx_word' id='word_1_148' title='bbox 807 1517 878 1554; x_wconf 79' lang='grc' dir='ltr'>νοῦς</span> <span class='ocrx_word' id='word_1_149' title='bbox 890 1512 962 1549; x_wconf 80' lang='grc' dir='ltr'>ἀντὶ</span> <span class='ocrx_word' id='word_1_150' title='bbox 976 1516 1032 1549; x_wconf 78' lang='grc' dir='ltr'>τοῦ</span> <span class='ocrx_word' id='word_1_151' title='bbox 1046 1511 1080 1548; x_wconf 90' lang='grc' dir='ltr'>τί</span> <span class='ocrx_word' id='word_1_152' title='bbox 1093 1514 1111 1548; x_wconf 81' lang='grc' dir='ltr'>δ</span> <span class='ocrx_word' id='word_1_153' title='bbox 1124 1515 1196 1552; x_wconf 73' lang='grc' dir='ltr'>νοῦς</span> <span class='ocrx_word' id='word_1_154' title='bbox 1213 1510 1297 1547; x_wconf 79' lang='grc' dir='ltr'>θέλει</span> <span class='ocrx_word' id='word_1_155' title='bbox 1312 1504 1405 1545; x_wconf 68' lang='grc' dir='ltr'>εἶναι.</span> <span class='ocrx_word' id='word_1_156' title='bbox 1423 1515 1462 1543; x_wconf 81' lang='lat' dir='ltr'>V.</span> <span class='ocrx_word' id='word_1_157' title='bbox 1478 1505 1557 1542; x_wconf 89' lang='grc' dir='ltr'>ποία</span> 
     </span>
    </p>

    <p class='ocr_par' dir='ltr' id='par_1_12' title="bbox 552 1570 790 1612">
     <span class='ocr_line' id='line_1_22' title="bbox 552 1570 790 1612; baseline -0.008 -5"><span class='ocrx_word' id='word_1_158' title='bbox 552 1587 585 1612; x_wconf 68' lang='lat' dir='ltr'><em>w</em></span> <span class='ocrx_word' id='word_1_159' title='bbox 600 1570 735 1606; x_wconf 78' lang='grc' dir='ltr'>διάνοια.</span> <span class='ocrx_word' id='word_1_160' title='bbox 752 1570 790 1605; x_wconf 61' lang='grc' dir='ltr'>(ὃ.</span> 
     </span>
    </p>

    <p class='ocr_par' dir='ltr' id='par_1_13' title="bbox 600 1621 1559 1843">
     <span class='ocr_line' id='line_1_23' title="bbox 650 1621 1558 1678; baseline -0.01 -13"><span class='ocrx_word' id='word_1_161' title='bbox 650 1629 796 1678; x_wconf 79' lang='grc' dir='ltr'>κόθορνος</span> <span class='ocrx_word' id='word_1_162' title='bbox 813 1639 823 1664; x_wconf 86' lang='lat'>:</span> <span class='ocrx_word' id='word_1_163' title='bbox 841 1625 937 1667; x_wconf 81' lang='grc' dir='ltr'>Τινὲς</span> <span class='ocrx_word' id='word_1_164' title='bbox 953 1624 1002 1661; x_wconf 76' lang='grc' dir='ltr'>ὅτι</span> <span class='ocrx_word' id='word_1_165' title='bbox 1019 1627 1037 1661; x_wconf 74' lang='grc' dir='ltr'>ὁ</span> <span class='ocrx_word' id='word_1_166' title='bbox 1051 1624 1198 1675; x_wconf 76' lang='grc' dir='ltr'>κόθορνος</span> <span class='ocrx_word' id='word_1_167' title='bbox 1214 1625 1258 1665; x_wconf 81' lang='grc' dir='ltr'>εἰς</span> <span class='ocrx_word' id='word_1_168' title='bbox 1278 1621 1476 1672; x_wconf 76' lang='grc' dir='ltr'>ἀμφοτέρους</span> <span class='ocrx_word' id='word_1_169' title='bbox 1485 1623 1558 1661; x_wconf 79' lang='grc' dir='ltr'>τοὺς</span> 
     </span>
     <span class='ocr_line' id='line_1_24' title="bbox 601 1674 1558 1732; baseline -0.011 -11"><span class='ocrx_word' id='word_1_170' title='bbox 601 1684 701 1725; x_wconf 87' lang='grc' dir='ltr'>πόδας</span> <span class='ocrx_word' id='word_1_171' title='bbox 718 1682 867 1732; x_wconf 78' lang='grc' dir='ltr'>ἁρμόζει,</span> <span class='ocrx_word' id='word_1_172' title='bbox 883 1682 913 1716; x_wconf 77' lang='grc' dir='ltr'>οἱ</span> <span class='ocrx_word' id='word_1_173' title='bbox 931 1679 965 1716; x_wconf 86' lang='grc' dir='ltr'>δὲ</span> <span class='ocrx_word' id='word_1_174' title='bbox 981 1678 1030 1715; x_wconf 73' lang='grc' dir='ltr'>ὅτι</span> <span class='ocrx_word' id='word_1_175' title='bbox 1052 1678 1187 1728; x_wconf 76' lang='grc' dir='ltr'>ἀνδράσι</span> <span class='ocrx_word' id='word_1_176' title='bbox 1206 1677 1263 1714; x_wconf 75' lang='grc' dir='ltr'>καὶ</span> <span class='ocrx_word' id='word_1_177' title='bbox 1278 1676 1418 1725; x_wconf 70' lang='grc' dir='ltr'>γυναιξὶν</span> <span class='ocrx_word' id='word_1_178' title='bbox 1436 1674 1558 1725; x_wconf 79' lang='grc' dir='ltr'>ἁρμότ-</span> 
     </span>
     <span class='ocr_line' id='line_1_25' title="bbox 600 1729 1559 1785; baseline -0.011 -10"><span class='ocrx_word' id='word_1_179' title='bbox 600 1754 659 1776; x_wconf 92' lang='grc' dir='ltr'>τει.</span> <span class='ocrx_word' id='word_1_180' title='bbox 678 1737 776 1785; x_wconf 76' lang='grc' dir='ltr'>(ἔνθεν</span> <span class='ocrx_word' id='word_1_181' title='bbox 792 1735 848 1773; x_wconf 72' lang='grc' dir='ltr'>καὶ</span> <span class='ocrx_word' id='word_1_182' title='bbox 873 1734 1071 1785; x_wconf 84' lang='grc' dir='ltr'>Θηραμένης</span> <span class='ocrx_word' id='word_1_183' title='bbox 1090 1732 1236 1782; x_wconf 83' lang='grc' dir='ltr'>κόθορνος</span> <span class='ocrx_word' id='word_1_184' title='bbox 1253 1730 1396 1778; x_wconf 76' lang='grc' dir='ltr'>ἐλέγετο,</span> <span class='ocrx_word' id='word_1_185' title='bbox 1419 1729 1468 1765; x_wconf 73' lang='grc' dir='ltr'>ὅτι</span> <span class='ocrx_word' id='word_1_186' title='bbox 1493 1734 1559 1770; x_wconf 87' lang='grc' dir='ltr'>τοῖς</span> 
     </span>
     <span class='ocr_line' id='line_1_26' title="bbox 602 1783 1558 1843; baseline -0.01 -14"><span class='ocrx_word' id='word_1_187' title='bbox 602 1794 723 1843; x_wconf 83' lang='grc' dir='ltr'>καιροῖς</span> <span class='ocrx_word' id='word_1_188' title='bbox 738 1791 923 1839; x_wconf 79' lang='grc' dir='ltr'>καθομιλεῖν</span> <span class='ocrx_word' id='word_1_189' title='bbox 947 1788 1090 1825; x_wconf 86' lang='grc' dir='ltr'>δύναται.</span> <span class='ocrx_word' id='word_1_190' title='bbox 1108 1790 1126 1824; x_wconf 79' lang='grc' dir='ltr'>ὁ</span> <span class='ocrx_word' id='word_1_191' title='bbox 1143 1786 1177 1823; x_wconf 85' lang='grc' dir='ltr'>δὲ</span> <span class='ocrx_word' id='word_1_192' title='bbox 1193 1787 1345 1836; x_wconf 83' lang='grc' dir='ltr'>Ξενοφῶν</span> <span class='ocrx_word' id='word_1_193' title='bbox 1360 1786 1394 1821; x_wconf 76' lang='grc' dir='ltr'>ἐν</span> <span class='ocrx_word' id='word_1_194' title='bbox 1409 1783 1558 1829; x_wconf 81' lang='grc' dir='ltr'>Ἑλληνι-</span> 
     </span>
    </p>

    <p class='ocr_par' dir='ltr' id='par_1_14' title="bbox 553 1838 1558 2112">
     <span class='ocr_line' id='line_1_27' title="bbox 553 1838 1558 1895; baseline -0.012 -10"><span class='ocrx_word' id='word_1_195' title='bbox 553 1863 585 1888; x_wconf 78' lang='lat'>25</span> <span class='ocrx_word' id='word_1_196' title='bbox 605 1851 670 1889; x_wconf 74' lang='grc' dir='ltr'>κοῖς</span> <span class='ocrx_word' id='word_1_197' title='bbox 692 1847 739 1895; x_wconf 77' lang='lat'>[2‚</span> <span class='ocrx_word' id='word_1_198' title='bbox 757 1858 790 1890; x_wconf 71' lang='grc' dir='ltr'>ε,</span> <span class='ocrx_word' id='word_1_199' title='bbox 813 1846 859 1894; x_wconf 73' lang='lat'>³1]</span> <span class='ocrx_word' id='word_1_200' title='bbox 876 1842 1066 1894; x_wconf 80' lang='grc' dir='ltr'>ἀμφοτέροις</span> <span class='ocrx_word' id='word_1_201' title='bbox 1086 1842 1150 1883; x_wconf 81' lang='grc' dir='ltr'>τοῖς</span> <span class='ocrx_word' id='word_1_202' title='bbox 1170 1840 1264 1877; x_wconf 78' lang='grc' dir='ltr'>ποσὶν</span> <span class='ocrx_word' id='word_1_203' title='bbox 1291 1838 1440 1889; x_wconf 77' lang='grc' dir='ltr'>ἁρμόζειν</span> <span class='ocrx_word' id='word_1_204' title='bbox 1463 1838 1558 1874; x_wconf 80' lang='grc' dir='ltr'>αὐτόν</span> 
     </span>
     <span class='ocr_line' id='line_1_28' title="bbox 603 1892 1558 1952; baseline -0.013 -13"><span class='ocrx_word' id='word_1_205' title='bbox 603 1915 711 1952; x_wconf 84' lang='grc' dir='ltr'>φησιν.</span> <span class='ocrx_word' id='word_1_206' title='bbox 740 1898 955 1942; x_wconf 72' lang='grc' dir='ltr'>ἐκπλήττεται</span> <span class='ocrx_word' id='word_1_207' title='bbox 979 1897 1012 1932; x_wconf 79' lang='grc' dir='ltr'>δὲ</span> <span class='ocrx_word' id='word_1_208' title='bbox 1038 1898 1056 1932; x_wconf 81' lang='grc' dir='ltr'><strong>ὁ</strong></span> <span class='ocrx_word' id='word_1_209' title='bbox 1080 1895 1248 1945; x_wconf 77' lang='grc' dir='ltr'>Ἡρακλῆς</span> <span class='ocrx_word' id='word_1_210' title='bbox 1265 1896 1347 1943; x_wconf 80' lang='grc' dir='ltr'>ὁρῶν</span> <span class='ocrx_word' id='word_1_211' title='bbox 1363 1892 1422 1936; x_wconf 84' lang='grc' dir='ltr'>τὴν</span> <span class='ocrx_word' id='word_1_212' title='bbox 1441 1892 1558 1928; x_wconf 80' lang='grc' dir='ltr'>ἄτοπον</span> 
     </span>
     <span class='ocr_line' id='line_1_29' title="bbox 601 1945 1558 1998; baseline -0.01 -7"><span class='ocrx_word' id='word_1_213' title='bbox 601 1954 722 1998; x_wconf 84' lang='grc' dir='ltr'>ταύτην</span> <span class='ocrx_word' id='word_1_214' title='bbox 740 1953 869 1996; x_wconf 83' lang='grc' dir='ltr'>σκευὴν,</span> <span class='ocrx_word' id='word_1_215' title='bbox 888 1951 943 1988; x_wconf 76' lang='grc' dir='ltr'>καὶ</span> <span class='ocrx_word' id='word_1_216' title='bbox 961 1949 1009 1986; x_wconf 79' lang='grc' dir='ltr'>ὅτι</span> <span class='ocrx_word' id='word_1_217' title='bbox 1026 1949 1066 1986; x_wconf 78' lang='grc' dir='ltr'>τὰ</span> <span class='ocrx_word' id='word_1_218' title='bbox 1093 1949 1216 1997; x_wconf 79' lang='grc' dir='ltr'>ἄμικτα</span> <span class='ocrx_word' id='word_1_219' title='bbox 1242 1946 1360 1996; x_wconf 72' lang='grc' dir='ltr'>ἔμιξεν.</span> <span class='ocrx_word' id='word_1_220' title='bbox 1383 1948 1401 1982; x_wconf 80' lang='grc' dir='ltr'><strong>ὁ</strong></span> <span class='ocrx_word' id='word_1_221' title='bbox 1419 1945 1477 1994; x_wconf 80' lang='grc' dir='ltr'>μὲν</span> <span class='ocrx_word' id='word_1_222' title='bbox 1495 1945 1558 1995; x_wconf 75' lang='grc' dir='ltr'>γὰρ</span> 
     </span>
     <span class='ocr_line' id='line_1_30' title="bbox 601 2000 1557 2059; baseline -0.01 -14"><span class='ocrx_word' id='word_1_223' title='bbox 601 2008 761 2059; x_wconf 84' lang='grc' dir='ltr'>κροκωτὸς</span> <span class='ocrx_word' id='word_1_224' title='bbox 780 2007 835 2044; x_wconf 80' lang='grc' dir='ltr'>καὶ</span> <span class='ocrx_word' id='word_1_225' title='bbox 850 2008 867 2042; x_wconf 81' lang='grc' dir='ltr'>ὁ</span> <span class='ocrx_word' id='word_1_226' title='bbox 884 2005 1030 2054; x_wconf 86' lang='grc' dir='ltr'>κόθορνος</span> <span class='ocrx_word' id='word_1_227' title='bbox 1046 2002 1214 2052; x_wconf 86' lang='grc' dir='ltr'>γυναικεῖά</span> <span class='ocrx_word' id='word_1_228' title='bbox 1234 2003 1332 2047; x_wconf 75' lang='grc' dir='ltr'>ἐστιν,</span> <span class='ocrx_word' id='word_1_229' title='bbox 1348 2004 1370 2045; x_wconf 84' lang='grc' dir='ltr'><strong>ἡ</strong></span> <span class='ocrx_word' id='word_1_230' title='bbox 1389 2000 1423 2037; x_wconf 79' lang='grc' dir='ltr'>δὲ</span> <span class='ocrx_word' id='word_1_231' title='bbox 1444 2002 1557 2044; x_wconf 79' lang='grc' dir='ltr'>λεοντῆ</span> 
     </span>
     <span class='ocr_line' id='line_1_31' title="bbox 601 2060 1033 2112; baseline -0.016 -12"><span class='ocrx_word' id='word_1_232' title='bbox 601 2063 657 2100; x_wconf 80' lang='grc' dir='ltr'>καὶ</span> <span class='ocrx_word' id='word_1_233' title='bbox 672 2063 710 2099; x_wconf 81' lang='grc' dir='ltr'>τὸ</span> <span class='ocrx_word' id='word_1_234' title='bbox 729 2061 867 2112; x_wconf 74' lang='grc' dir='ltr'>ῥόπαλον</span> <span class='ocrx_word' id='word_1_235' title='bbox 883 2060 1033 2108; x_wconf 82' lang='grc' dir='ltr'>ἀνδρῷα.)</span> 
     </span>
    </p>

    <p class='ocr_par' dir='ltr' id='par_1_15' title="bbox 554 2113 1560 2385">
     <span class='ocr_line' id='line_1_32' title="bbox 554 2113 1560 2166; baseline -0.012 -6"><span class='ocrx_word' id='word_1_236' title='bbox 554 2142 586 2166; x_wconf 81' lang='lat'>30</span> <span class='ocrx_word' id='word_1_237' title='bbox 652 2135 697 2159; x_wconf 76' lang='grc'>48.</span> <span class='ocrx_word' id='word_1_238' title='bbox 727 2118 918 2156; x_wconf 76' lang='grc' dir='ltr'>ἐπεὸάτευον</span> <span class='ocrx_word' id='word_1_239' title='bbox 946 2115 1129 2154; x_wconf 80' lang='grc' dir='ltr'>Κλεισθένει</span> <span class='ocrx_word' id='word_1_240' title='bbox 1158 2128 1167 2152; x_wconf 87' lang='lat'>:</span> <span class='ocrx_word' id='word_1_241' title='bbox 1194 2115 1322 2158; x_wconf 76' lang='grc' dir='ltr'>Παίζει.</span> <span class='ocrx_word' id='word_1_242' title='bbox 1346 2114 1475 2162; x_wconf 82' lang='grc' dir='ltr'>λέγεται</span> <span class='ocrx_word' id='word_1_243' title='bbox 1496 2113 1560 2163; x_wconf 82' lang='grc' dir='ltr'>γὰρ</span> 
     </span>
     <span class='ocr_line' id='line_1_33' title="bbox 602 2167 1559 2213; baseline -0.009 0"><span class='ocrx_word' id='word_1_244' title='bbox 602 2177 658 2213; x_wconf 79' lang='grc' dir='ltr'>καὶ</span> <span class='ocrx_word' id='word_1_245' title='bbox 672 2175 726 2211; x_wconf 78' lang='grc' dir='ltr'>ἐπὶ</span> <span class='ocrx_word' id='word_1_246' title='bbox 743 2173 819 2212; x_wconf 82' lang='grc' dir='ltr'>νεὼς</span> <span class='ocrx_word' id='word_1_247' title='bbox 846 2173 882 2209; x_wconf 81' lang='grc' dir='ltr'>τὸ</span> <span class='ocrx_word' id='word_1_248' title='bbox 903 2170 1104 2208; x_wconf 75' lang='grc' dir='ltr'>ἐπιὸατεύειν</span> <span class='ocrx_word' id='word_1_249' title='bbox 1126 2170 1182 2206; x_wconf 82' lang='grc' dir='ltr'>καὶ</span> <span class='ocrx_word' id='word_1_250' title='bbox 1203 2169 1257 2205; x_wconf 75' lang='grc' dir='ltr'>ἐπὶ</span> <span class='ocrx_word' id='word_1_251' title='bbox 1280 2168 1449 2211; x_wconf 86' lang='grc' dir='ltr'>συνουσίας</span> <span class='ocrx_word' id='word_1_252' title='bbox 1474 2167 1559 2205; x_wconf 78' lang='grc' dir='ltr'>κατὰ</span> 
     </span>
     <span class='ocr_line' id='line_1_34' title="bbox 604 2222 1559 2278; baseline -0.005 -13"><span class='ocrx_word' id='word_1_253' title='bbox 604 2227 788 2278; x_wconf 80' lang='grc' dir='ltr'>μεταφορὰν</span> <span class='ocrx_word' id='word_1_254' title='bbox 813 2229 875 2263; x_wconf 86' lang='grc' dir='ltr'>τῶν</span> <span class='ocrx_word' id='word_1_255' title='bbox 901 2224 1025 2273; x_wconf 80' lang='grc' dir='ltr'>ἀλόγων</span> <span class='ocrx_word' id='word_1_256' title='bbox 1048 2224 1149 2274; x_wconf 83' lang='grc' dir='ltr'>ζῴων,</span> <span class='ocrx_word' id='word_1_257' title='bbox 1170 2223 1192 2259; x_wconf 77' lang='grc' dir='ltr'>ἃ</span> <span class='ocrx_word' id='word_1_258' title='bbox 1214 2222 1421 2260; x_wconf 75' lang='grc' dir='ltr'>ἐπιὸαίνοντα</span> <span class='ocrx_word' id='word_1_259' title='bbox 1446 2237 1559 2260; x_wconf 87' lang='grc' dir='ltr'>συνου-</span> 
     </span>
     <span class='ocr_line' id='line_1_35' title="bbox 603 2276 1559 2327; baseline -0.007 -7"><span class='ocrx_word' id='word_1_260' title='bbox 603 2284 716 2327; x_wconf 81' lang='grc' dir='ltr'>σιάζει.</span> <span class='ocrx_word' id='word_1_261' title='bbox 790 2280 925 2321; x_wconf 87' lang='grc' dir='ltr'>Ἄλλως.</span> <span class='ocrx_word' id='word_1_262' title='bbox 939 2278 1132 2323; x_wconf 81' lang='grc' dir='ltr'>Κλεισθένης</span> <span class='ocrx_word' id='word_1_263' title='bbox 1149 2281 1166 2314; x_wconf 81' lang='grc' dir='ltr'>ὁ</span> <span class='ocrx_word' id='word_1_264' title='bbox 1176 2277 1348 2327; x_wconf 79' lang='grc' dir='ltr'>Σιὸυρτίου</span> <span class='ocrx_word' id='word_1_265' title='bbox 1357 2277 1413 2326; x_wconf 22' lang='grc' dir='ltr'>,ἐπ’</span> <span class='ocrx_word' id='word_1_266' title='bbox 1423 2279 1502 2326; x_wconf 80' lang='grc' dir='ltr'>αἰσχ</span> <span class='ocrx_word' id='word_1_267' title='bbox 1504 2276 1559 2327; x_wconf 89' lang='grc' dir='ltr'>ρό-</span> 
     </span>
     <span class='ocr_line' id='line_1_36' title="bbox 602 2328 1559 2385; baseline -0.007 -11"><span class='ocrx_word' id='word_1_268' title='bbox 602 2353 676 2383; x_wconf 85' lang='grc' dir='ltr'>τητι</span> <span class='ocrx_word' id='word_1_269' title='bbox 700 2336 915 2385; x_wconf 84' lang='grc' dir='ltr'>κωμῳδεῖται.</span> <span class='ocrx_word' id='word_1_270' title='bbox 933 2328 973 2377; x_wconf 70' lang='grc' dir='ltr'>ἦν</span> <span class='ocrx_word' id='word_1_271' title='bbox 991 2331 1023 2368; x_wconf 82' lang='grc' dir='ltr'>δὲ</span> <span class='ocrx_word' id='word_1_272' title='bbox 1041 2333 1124 2373; x_wconf 85' lang='grc' dir='ltr'>λεῖος</span> <span class='ocrx_word' id='word_1_273' title='bbox 1141 2331 1178 2368; x_wconf 85' lang='grc' dir='ltr'>τὸ</span> <span class='ocrx_word' id='word_1_274' title='bbox 1200 2331 1334 2381; x_wconf 86' lang='grc' dir='ltr'>γένειον·</span> <span class='ocrx_word' id='word_1_275' title='bbox 1356 2331 1405 2367; x_wconf 78' lang='grc' dir='ltr'>διὸ</span> <span class='ocrx_word' id='word_1_276' title='bbox 1428 2331 1484 2367; x_wconf 78' lang='grc' dir='ltr'>καὶ</span> <span class='ocrx_word' id='word_1_277' title='bbox 1504 2332 1559 2367; x_wconf 86' lang='grc' dir='ltr'>εὐ-</span> 
     </span>
    </p>

    <p class='ocr_par' dir='ltr' id='par_1_16' title="bbox 554 2384 1560 2658">
     <span class='ocr_line' id='line_1_37' title="bbox 554 2384 1559 2441; baseline -0.01 -11"><span class='ocrx_word' id='word_1_278' title='bbox 554 2414 586 2438; x_wconf 72' lang='lat'>³³</span> <span class='ocrx_word' id='word_1_279' title='bbox 603 2391 708 2441; x_wconf 78' lang='grc' dir='ltr'>νούχῳ</span> <span class='ocrx_word' id='word_1_280' title='bbox 727 2390 844 2431; x_wconf 84' lang='grc' dir='ltr'>εἰκάζει</span> <span class='ocrx_word' id='word_1_281' title='bbox 868 2386 974 2424; x_wconf 79' lang='grc' dir='ltr'>αὐτόν.</span> <span class='ocrx_word' id='word_1_282' title='bbox 1052 2385 1196 2433; x_wconf 84' lang='grc' dir='ltr'>(Ἄλλως.</span> <span class='ocrx_word' id='word_1_283' title='bbox 1217 2385 1271 2421; x_wconf 85' lang='grc' dir='ltr'>τὸν</span> <span class='ocrx_word' id='word_1_284' title='bbox 1293 2384 1487 2428; x_wconf 83' lang='grc' dir='ltr'>Κλεισθένην</span> <span class='ocrx_word' id='word_1_285' title='bbox 1504 2385 1559 2421; x_wconf 76' lang='grc' dir='ltr'>καὶ</span> 
     </span>
     <span class='ocr_line' id='line_1_38' title="bbox 603 2434 1559 2492; baseline -0.007 -9"><span class='ocrx_word' id='word_1_286' title='bbox 603 2446 657 2483; x_wconf 76' lang='grc' dir='ltr'>ἐπὶ</span> <span class='ocrx_word' id='word_1_287' title='bbox 679 2449 734 2482; x_wconf 80' lang='grc' dir='ltr'>τοῦ</span> <span class='ocrx_word' id='word_1_288' title='bbox 752 2447 941 2492; x_wconf 81' lang='grc' dir='ltr'>πασχητιᾶν</span> <span class='ocrx_word' id='word_1_289' title='bbox 959 2441 1178 2490; x_wconf 79' lang='grc' dir='ltr'>κωμῳδοῦσιν.</span> <span class='ocrx_word' id='word_1_290' title='bbox 1204 2439 1352 2490; x_wconf 79' lang='grc' dir='ltr'>ἐμφαίνει</span> <span class='ocrx_word' id='word_1_291' title='bbox 1376 2434 1429 2476; x_wconf 69' lang='grc' dir='ltr'>οὗν</span> <span class='ocrx_word' id='word_1_292' title='bbox 1459 2439 1508 2476; x_wconf 81' lang='grc' dir='ltr'>ὅτι</span> <span class='ocrx_word' id='word_1_293' title='bbox 1532 2442 1559 2476; x_wconf 84' lang='grc' dir='ltr'>εἷ</span> 
     </span>
     <span class='ocr_line' id='line_1_39' title="bbox 603 2493 1560 2549; baseline -0.009 -11"><span class='ocrx_word' id='word_1_294' title='bbox 603 2500 688 2538; x_wconf 76' lang='grc' dir='ltr'>κατὰ</span> <span class='ocrx_word' id='word_1_295' title='bbox 697 2497 867 2549; x_wconf 80' lang='grc' dir='ltr'>στρατείαν</span> <span class='ocrx_word' id='word_1_296' title='bbox 877 2495 1076 2543; x_wconf 77' lang='grc' dir='ltr'>ἀπεδήμουν,</span> <span class='ocrx_word' id='word_1_297' title='bbox 1087 2493 1170 2542; x_wconf 66' lang='grc' dir='ltr'>μετὰ</span> <span class='ocrx_word' id='word_1_298' title='bbox 1181 2493 1388 2536; x_wconf 81' lang='grc' dir='ltr'>Κλεισθένους</span> <span class='ocrx_word' id='word_1_299' title='bbox 1398 2493 1436 2530; x_wconf 75' lang='grc' dir='ltr'>ἂν</span> <span class='ocrx_word' id='word_1_300' title='bbox 1450 2495 1560 2544; x_wconf 87' lang='grc' dir='ltr'>ἐστρα-</span> 
     </span>
     <span class='ocr_line' id='line_1_40' title="bbox 602 2547 1558 2601; baseline -0.007 -10"><span class='ocrx_word' id='word_1_301' title='bbox 602 2554 778 2601; x_wconf 85' lang='grc' dir='ltr'>τευσάμην.</span> <span class='ocrx_word' id='word_1_302' title='bbox 805 2551 860 2587; x_wconf 75' lang='grc' dir='ltr'>καὶ</span> <span class='ocrx_word' id='word_1_303' title='bbox 889 2550 926 2586; x_wconf 79' lang='grc' dir='ltr'>τὸ</span> <span class='ocrx_word' id='word_1_304' title='bbox 952 2549 1145 2586; x_wconf 76' lang='grc' dir='ltr'>ἐπεὸάτευον</span> <span class='ocrx_word' id='word_1_305' title='bbox 1175 2548 1241 2585; x_wconf 77' lang='grc' dir='ltr'>ἐκεί</span> <span class='ocrx_word' id='word_1_306' title='bbox 1293 2576 1304 2594; x_wconf 87' lang='grc'>,</span> <span class='ocrx_word' id='word_1_307' title='bbox 1333 2547 1558 2597; x_wconf 86' lang='grc' dir='ltr'>κακεμφάτως.</span> 
     </span>
     <span class='ocr_line' id='line_1_41' title="bbox 603 2563 1359 2658; baseline -0.011 -12"><span class='ocrx_word' id='word_1_308' title='bbox 603 2607 823 2658; x_wconf 80' lang='grc' dir='ltr'>ἐστρατήγησε</span> <span class='ocrx_word' id='word_1_309' title='bbox 841 2605 874 2641; x_wconf 90' lang='grc' dir='ltr'>δὲ</span> <span class='ocrx_word' id='word_1_310' title='bbox 887 2604 1002 2641; x_wconf 76' lang='grc' dir='ltr'>νεωστὶ</span> <span class='ocrx_word' id='word_1_311' title='bbox 1019 2603 1074 2639; x_wconf 85' lang='grc' dir='ltr'>καὶ</span> <span class='ocrx_word' id='word_1_312' title='bbox 1089 2603 1232 2647; x_wconf 85' lang='grc' dir='ltr'>ἐνίκησεν</span> <span class='ocrx_word' id='word_1_313' title='bbox 1241 2563 1359 2652; x_wconf 56' lang='grc' dir='ltr'>όίῗτος.)</span> 
     </span>
    </p>
   </div>
   <div class='ocr_carea' id='block_1_9' title="bbox 552 2730 1559 3425">
    <p class='ocr_par' dir='ltr' id='par_1_17' title="bbox 552 2730 1559 3425">
     <span class='ocr_line' id='line_1_42' title="bbox 608 2730 739 2762; baseline -0.038 0"><span class='ocrx_word' id='word_1_314' title='bbox 608 2730 739 2762; x_wconf 77' lang='lat' dir='ltr'>Victor.</span> 
     </span>
     <span class='ocr_line' id='line_1_43' title="bbox 651 2777 1556 2829; baseline -0.006 -12"><span class='ocrx_word' id='word_1_315' title='bbox 651 2795 693 2817; x_wconf 77' lang='grc' dir='ltr'>ῡι.</span> <span class='ocrx_word' id='word_1_316' title='bbox 721 2780 791 2829; x_wconf 71' lang='grc' dir='ltr'>σφὼ</span> <span class='ocrx_word' id='word_1_317' title='bbox 806 2779 844 2822; x_wconf 85' lang='grc' dir='ltr'>νὴ</span> <span class='ocrx_word' id='word_1_318' title='bbox 863 2778 916 2814; x_wconf 80' lang='grc' dir='ltr'>τὸν</span> <span class='ocrx_word' id='word_1_319' title='bbox 930 2778 1096 2815; x_wconf 78' lang='grc' dir='ltr'>Ἀπόλλω;</span> <span class='ocrx_word' id='word_1_320' title='bbox 1112 2777 1301 2824; x_wconf 82' lang='grc' dir='ltr'>Θαυμάζων</span> <span class='ocrx_word' id='word_1_321' title='bbox 1321 2778 1388 2825; x_wconf 84' lang='grc' dir='ltr'>(καὶ</span> <span class='ocrx_word' id='word_1_322' title='bbox 1398 2779 1556 2821; x_wconf 60' lang='grc' dir='ltr'>ἀπιστῶν)</span> 
     </span>
     <span class='ocr_line' id='line_1_44' title="bbox 604 2831 1559 2882; baseline -0.003 -12"><span class='ocrx_word' id='word_1_323' title='bbox 604 2834 689 2882; x_wconf 82' lang='grc' dir='ltr'>λέγει</span> <span class='ocrx_word' id='word_1_324' title='bbox 708 2833 900 2882; x_wconf 80' lang='grc' dir='ltr'>ὁἹΙρακλῆς</span> <span class='ocrx_word' id='word_1_325' title='bbox 914 2831 951 2867; x_wconf 90' lang='grc' dir='ltr'>τὸ</span> <span class='ocrx_word' id='word_1_326' title='bbox 969 2832 1051 2881; x_wconf 78' lang='grc' dir='ltr'>σφώ.</span> <span class='ocrx_word' id='word_1_327' title='bbox 1068 2831 1148 2873; x_wconf 83' lang='grc' dir='ltr'>τινὲς</span> <span class='ocrx_word' id='word_1_328' title='bbox 1163 2831 1196 2867; x_wconf 81' lang='grc' dir='ltr'>δὲ</span> <span class='ocrx_word' id='word_1_329' title='bbox 1212 2833 1255 2872; x_wconf 80' lang='grc' dir='ltr'>εἰς</span> <span class='ocrx_word' id='word_1_330' title='bbox 1271 2831 1324 2868; x_wconf 84' lang='grc' dir='ltr'>τὸν</span> <span class='ocrx_word' id='word_1_331' title='bbox 1338 2832 1486 2869; x_wconf 80' lang='grc' dir='ltr'>Ἀπόλλω</span> <span class='ocrx_word' id='word_1_332' title='bbox 1504 2832 1559 2868; x_wconf 87' lang='grc' dir='ltr'>δύο</span> 
     </span>
     <span class='ocr_line' id='line_1_45' title="bbox 602 2884 1125 2935; baseline -0.01 -11"><span class='ocrx_word' id='word_1_333' title='bbox 602 2888 743 2930; x_wconf 81' lang='grc' dir='ltr'>στίζουσι</span> <span class='ocrx_word' id='word_1_334' title='bbox 756 2886 811 2922; x_wconf 79' lang='grc' dir='ltr'>καὶ</span> <span class='ocrx_word' id='word_1_335' title='bbox 828 2887 870 2925; x_wconf 82' lang='grc' dir='ltr'>εἰς</span> <span class='ocrx_word' id='word_1_336' title='bbox 887 2884 923 2920; x_wconf 87' lang='grc' dir='ltr'>τὸ</span> <span class='ocrx_word' id='word_1_337' title='bbox 934 2884 1125 2935; x_wconf 80' lang='grc' dir='ltr'>ἐξηγρόμην.</span> 
     </span>
     <span class='ocr_line' id='line_1_46' title="bbox 552 2941 1557 2996; baseline -0.004 -13"><span class='ocrx_word' id='word_1_338' title='bbox 552 2965 585 2989; x_wconf 76' lang='lat'>⁴5</span> <span class='ocrx_word' id='word_1_339' title='bbox 650 2941 722 2996; x_wconf 68' lang='grc' dir='ltr'>κᾷτ’</span> <span class='ocrx_word' id='word_1_340' title='bbox 740 2943 833 2992; x_wconf 81' lang='grc' dir='ltr'>ἔγωγ’</span> <span class='ocrx_word' id='word_1_341' title='bbox 852 2943 1032 2993; x_wconf 75' lang='grc' dir='ltr'>ἐξηγρόμην</span> <span class='ocrx_word' id='word_1_342' title='bbox 1051 2957 1059 2980; x_wconf 89' lang='lat'>:</span> <span class='ocrx_word' id='word_1_343' title='bbox 1079 2943 1229 2980; x_wconf 85' lang='grc' dir='ltr'>Σκώπτει</span> <span class='ocrx_word' id='word_1_344' title='bbox 1250 2943 1303 2980; x_wconf 83' lang='grc' dir='ltr'>τὸν</span> <span class='ocrx_word' id='word_1_345' title='bbox 1321 2944 1485 2981; x_wconf 88' lang='grc' dir='ltr'>Διόνυσον.</span> <span class='ocrx_word' id='word_1_346' title='bbox 1503 2945 1557 2980; x_wconf 82' lang='grc' dir='ltr'>καὶ</span> 
     </span>
     <span class='ocr_line' id='line_1_47' title="bbox 603 2997 1557 3051; baseline -0.003 -14"><span class='ocrx_word' id='word_1_347' title='bbox 603 3000 683 3051; x_wconf 76' lang='grc' dir='ltr'>ἐγὼ,</span> <span class='ocrx_word' id='word_1_348' title='bbox 699 2999 806 3051; x_wconf 83' lang='grc' dir='ltr'>φησὶν,</span> <span class='ocrx_word' id='word_1_349' title='bbox 819 2997 954 3041; x_wconf 79' lang='grc' dir='ltr'>ἀνέστην</span> <span class='ocrx_word' id='word_1_350' title='bbox 973 2997 1005 3039; x_wconf 80' lang='grc' dir='ltr'>ἐξ</span> <span class='ocrx_word' id='word_1_351' title='bbox 1019 2998 1140 3048; x_wconf 82' lang='grc' dir='ltr'>ὀνείρου</span> <span class='ocrx_word' id='word_1_352' title='bbox 1152 3012 1159 3019; x_wconf 93' lang='grc'><strong><em>·</em></strong></span> <span class='ocrx_word' id='word_1_353' title='bbox 1173 2999 1278 3042; x_wconf 86' lang='grc' dir='ltr'>δηλῶν</span> <span class='ocrx_word' id='word_1_354' title='bbox 1294 2997 1343 3034; x_wconf 79' lang='grc' dir='ltr'>ὅτι</span> <span class='ocrx_word' id='word_1_355' title='bbox 1360 2998 1437 3047; x_wconf 85' lang='grc' dir='ltr'>ὄναρ</span> <span class='ocrx_word' id='word_1_356' title='bbox 1455 3002 1557 3034; x_wconf 78' lang='grc' dir='ltr'>ταῦτα</span> 
     </span>
     <span class='ocr_line' id='line_1_48' title="bbox 602 3048 1558 3106; baseline -0.003 -14"><span class='ocrx_word' id='word_1_357' title='bbox 602 3054 751 3106; x_wconf 78' lang='grc' dir='ltr'>ἔπραξεν.</span> <span class='ocrx_word' id='word_1_358' title='bbox 770 3055 799 3089; x_wconf 71' lang='grc' dir='ltr'>οἱ</span> <span class='ocrx_word' id='word_1_359' title='bbox 814 3051 849 3088; x_wconf 84' lang='grc' dir='ltr'>δέ</span> <span class='ocrx_word' id='word_1_360' title='bbox 873 3066 968 3101; x_wconf 79' lang='grc' dir='ltr'>φασιν</span> <span class='ocrx_word' id='word_1_361' title='bbox 986 3054 1029 3093; x_wconf 82' lang='grc' dir='ltr'>ὡς</span> <span class='ocrx_word' id='word_1_362' title='bbox 1045 3054 1061 3087; x_wconf 82' lang='grc' dir='ltr'><strong>ὁ</strong></span> <span class='ocrx_word' id='word_1_363' title='bbox 1076 3051 1225 3093; x_wconf 86' lang='grc' dir='ltr'>Διόνυσος</span> <span class='ocrx_word' id='word_1_364' title='bbox 1244 3055 1346 3087; x_wconf 80' lang='grc' dir='ltr'>ταῦτα</span> <span class='ocrx_word' id='word_1_365' title='bbox 1363 3051 1466 3100; x_wconf 82' lang='grc' dir='ltr'>λέγει,</span> <span class='ocrx_word' id='word_1_366' title='bbox 1486 3048 1558 3103; x_wconf 62' lang='grc' dir='ltr'>κᾷτ’</span> 
     </span>
     <span class='ocr_line' id='line_1_49' title="bbox 602 3104 1556 3158; baseline -0.003 -12"><span class='ocrx_word' id='word_1_367' title='bbox 602 3109 695 3158; x_wconf 84' lang='grc' dir='ltr'>ἔγωγ’</span> <span class='ocrx_word' id='word_1_368' title='bbox 717 3105 908 3156; x_wconf 76' lang='grc' dir='ltr'>ἐξηγρόμην,</span> <span class='ocrx_word' id='word_1_369' title='bbox 925 3108 968 3147; x_wconf 83' lang='grc' dir='ltr'>ὡς</span> <span class='ocrx_word' id='word_1_370' title='bbox 987 3108 1050 3141; x_wconf 85' lang='grc' dir='ltr'>τῶν</span> <span class='ocrx_word' id='word_1_371' title='bbox 1072 3104 1218 3149; x_wconf 75' lang='grc' dir='ltr'>ἐπίτηδες</span> <span class='ocrx_word' id='word_1_372' title='bbox 1233 3105 1436 3155; x_wconf 74' lang='grc' dir='ltr'>ψευδομένων</span> <span class='ocrx_word' id='word_1_373' title='bbox 1451 3108 1556 3143; x_wconf 89' lang='grc' dir='ltr'>ἐπιλε-</span> 
     </span>
     <span class='ocr_line' id='line_1_50' title="bbox 600 3157 1557 3209; baseline -0.002 -10"><span class='ocrx_word' id='word_1_374' title='bbox 600 3164 720 3205; x_wconf 76' lang='grc' dir='ltr'>γόντων</span> <span class='ocrx_word' id='word_1_375' title='bbox 734 3165 845 3206; x_wconf 81' lang='grc' dir='ltr'>τοῦτο,</span> <span class='ocrx_word' id='word_1_376' title='bbox 860 3160 931 3196; x_wconf 89' lang='grc' dir='ltr'>καθ’</span> <span class='ocrx_word' id='word_1_377' title='bbox 948 3159 965 3195; x_wconf 85' lang='grc' dir='ltr'>ὃ</span> <span class='ocrx_word' id='word_1_378' title='bbox 983 3160 1134 3204; x_wconf 76' lang='grc' dir='ltr'>δηλοῦται</span> <span class='ocrx_word' id='word_1_379' title='bbox 1149 3157 1198 3194; x_wconf 80' lang='grc' dir='ltr'>ὅτι</span> <span class='ocrx_word' id='word_1_380' title='bbox 1215 3159 1352 3209; x_wconf 85' lang='grc' dir='ltr'>ἐνυπνίῳ</span> <span class='ocrx_word' id='word_1_381' title='bbox 1367 3159 1449 3203; x_wconf 84' lang='grc' dir='ltr'>ἔοικε</span> <span class='ocrx_word' id='word_1_382' title='bbox 1459 3161 1497 3197; x_wconf 83' lang='grc' dir='ltr'>τὸ</span> <span class='ocrx_word' id='word_1_383' title='bbox 1506 3162 1557 3197; x_wconf 88' lang='grc' dir='ltr'>λε-</span> 
     </span>
     <span class='ocr_line' id='line_1_51' title="bbox 552 3212 1555 3265; baseline -0.001 -13"><span class='ocrx_word' id='word_1_384' title='bbox 552 3232 586 3257; x_wconf 75' lang='grc' dir='ltr'>ω</span> <span class='ocrx_word' id='word_1_385' title='bbox 603 3218 751 3264; x_wconf 81' lang='grc' dir='ltr'>γόμενον.·</span> <span class='ocrx_word' id='word_1_386' title='bbox 782 3217 811 3251; x_wconf 74' lang='grc' dir='ltr'>οἱ</span> <span class='ocrx_word' id='word_1_387' title='bbox 828 3213 862 3250; x_wconf 82' lang='grc' dir='ltr'>δὲ</span> <span class='ocrx_word' id='word_1_388' title='bbox 876 3216 922 3264; x_wconf 79' lang='grc' dir='ltr'>τῷ</span> <span class='ocrx_word' id='word_1_389' title='bbox 944 3214 1101 3264; x_wconf 85' lang='grc' dir='ltr'>Ἡρακλεῖ</span> <span class='ocrx_word' id='word_1_390' title='bbox 1117 3212 1333 3263; x_wconf 83' lang='grc' dir='ltr'>προσνέμουσι</span> <span class='ocrx_word' id='word_1_391' title='bbox 1350 3216 1506 3265; x_wconf 75' lang='grc' dir='ltr'>τοῦτο,ῐοὶ</span> <span class='ocrx_word' id='word_1_392' title='bbox 1524 3214 1555 3251; x_wconf 82' lang='grc' dir='ltr'>δὲ</span> 
     </span>
     <span class='ocr_line' id='line_1_52' title="bbox 601 3267 1555 3319; baseline -0.003 -14"><span class='ocrx_word' id='word_1_393' title='bbox 601 3273 646 3319; x_wconf 80' lang='grc' dir='ltr'>τῷ</span> <span class='ocrx_word' id='word_1_394' title='bbox 671 3269 807 3316; x_wconf 68' lang='grc' dir='ltr'>Ξανθία.</span> <span class='ocrx_word' id='word_1_395' title='bbox 836 3268 891 3304; x_wconf 82' lang='grc' dir='ltr'>καὶ</span> <span class='ocrx_word' id='word_1_396' title='bbox 920 3268 973 3311; x_wconf 80' lang='grc' dir='ltr'>τὸ,</span> <span class='ocrx_word' id='word_1_397' title='bbox 988 3267 1027 3311; x_wconf 86' lang='grc' dir='ltr'>νὴ</span> <span class='ocrx_word' id='word_1_398' title='bbox 1055 3267 1109 3303; x_wconf 80' lang='grc' dir='ltr'>τὸν</span> <span class='ocrx_word' id='word_1_399' title='bbox 1134 3267 1303 3313; x_wconf 82' lang='grc' dir='ltr'>Ἀπόλλω,</span> <span class='ocrx_word' id='word_1_400' title='bbox 1331 3268 1377 3316; x_wconf 79' lang='grc' dir='ltr'>τῷ</span> <span class='ocrx_word' id='word_1_401' title='bbox 1401 3267 1555 3317; x_wconf 79' lang='grc' dir='ltr'>Διονύσῳ.</span> 
     </span>
     <span class='ocr_line' id='line_1_53' title="bbox 603 3321 1554 3372; baseline -0.001 -13"><span class='ocrx_word' id='word_1_402' title='bbox 603 3324 697 3372; x_wconf 79' lang='grc' dir='ltr'>μόνον</span> <span class='ocrx_word' id='word_1_403' title='bbox 720 3323 782 3371; x_wconf 62' lang='grc' dir='ltr'>γαρ</span> <span class='ocrx_word' id='word_1_404' title='bbox 805 3322 841 3357; x_wconf 79' lang='grc' dir='ltr'>τὸ</span> <span class='ocrx_word' id='word_1_405' title='bbox 860 3322 930 3371; x_wconf 72' lang='grc' dir='ltr'>σφώ</span> <span class='ocrx_word' id='word_1_406' title='bbox 953 3323 1056 3371; x_wconf 78' lang='grc' dir='ltr'>λέγειν</span> <span class='ocrx_word' id='word_1_407' title='bbox 1078 3321 1131 3357; x_wconf 81' lang='grc' dir='ltr'>τὸν</span> <span class='ocrx_word' id='word_1_408' title='bbox 1157 3321 1356 3371; x_wconf 47' lang='grc' dir='ltr'>(Ηρακλῆνῇ</span> <span class='ocrx_word' id='word_1_409' title='bbox 1374 3343 1420 3348; x_wconf 87' lang='grc'>-</span> <span class='ocrx_word' id='word_1_410' title='bbox 1444 3321 1514 3368; x_wconf 83' lang='grc' dir='ltr'>σφώ</span> <span class='ocrx_word' id='word_1_411' title='bbox 1546 3335 1554 3358; x_wconf 86' lang='lat'>:</span> 
     </span>
     <span class='ocr_line' id='line_1_54' title="bbox 602 3373 1556 3425; baseline -0.001 -13"><span class='ocrx_word' id='word_1_412' title='bbox 602 3377 713 3425; x_wconf 85' lang='grc' dir='ltr'>Ὑμεῖς</span> <span class='ocrx_word' id='word_1_413' title='bbox 744 3378 773 3411; x_wconf 82' lang='grc' dir='ltr'>οἱ</span> <span class='ocrx_word' id='word_1_414' title='bbox 800 3377 1001 3423; x_wconf 80' lang='grc' dir='ltr'>θηλυμανεῖς.</span> <span class='ocrx_word' id='word_1_415' title='bbox 1030 3375 1210 3425; x_wconf 80' lang='grc' dir='ltr'>ἐξηγρόμην</span> <span class='ocrx_word' id='word_1_416' title='bbox 1237 3387 1246 3412; x_wconf 92' lang='lat'><strong>:</strong></span> <span class='ocrx_word' id='word_1_417' title='bbox 1269 3373 1502 3425; x_wconf 77' lang='grc' dir='ltr'>Ἐξηγειρόμι-,ν</span> <span class='ocrx_word' id='word_1_418' title='bbox 1526 3376 1556 3417; x_wconf 79' lang='grc' dir='ltr'>ἐξ</span> 
     </span>
    </p>
   </div>
   <div class='ocr_carea' id='block_1_10' title="bbox 1583 558 1585 1092">
    <p class='ocr_par' dir='ltr' id='par_1_18' title="bbox 1583 558 1585 1092">
     <span class='ocr_line' id='line_1_55' title="bbox 1583 558 1585 1092; baseline 0 0"><span class='ocrx_word' id='word_1_419' title='bbox 1583 558 1585 1092; x_wconf 95' lang='lat' dir='ltr'> </span> 
     </span>
    </p>
   </div>
   <div class='ocr_carea' id='block_1_11' title="bbox 1302 434 1837 472">
    <p class='ocr_par' dir='ltr' id='par_1_19' title="bbox 1302 434 1837 472">
     <span class='ocr_line' id='line_1_56' title="bbox 1302 434 1837 472; baseline -0.002 -1"><span class='ocrx_word' id='word_1_420' title='bbox 1302 434 1532 472; x_wconf 78' lang='lat' dir='ltr'>SCHOLIA</span> <span class='ocrx_word' id='word_1_421' title='bbox 1568 434 1622 470; x_wconf 84' lang='lat' dir='ltr'>IN</span> <span class='ocrx_word' id='word_1_422' title='bbox 1651 434 1837 470; x_wconf 80' lang='lat' dir='ltr'><strong>BANAS.</strong></span> 
     </span>
    </p>
   </div>
   <div class='ocr_carea' id='block_1_12' title="bbox 1606 513 2588 2619">
    <p class='ocr_par' dir='ltr' id='par_1_20' title="bbox 1606 513 2558 619">
     <span class='ocr_line' id='line_1_57' title="bbox 1606 513 2558 567; baseline 0.005 -17"><span class='ocrx_word' id='word_1_423' title='bbox 1606 513 1716 551; x_wconf 71' lang='grc' dir='ltr'>ὕπνου.</span> <span class='ocrx_word' id='word_1_424' title='bbox 1729 515 1773 552; x_wconf 86' lang='grc' dir='ltr'>Θ.</span> <span class='ocrx_word' id='word_1_425' title='bbox 1789 522 1856 554; x_wconf 61' lang='lat' dir='ltr'>Bru,</span> <span class='ocrx_word' id='word_1_426' title='bbox 1882 520 1956 549; x_wconf 66' lang='lat' dir='ltr'><strong><em>rici.</em></strong></span> <span class='ocrx_word' id='word_1_427' title='bbox 1972 514 2004 557; x_wconf 81' lang='grc' dir='ltr'>ἐξ</span> <span class='ocrx_word' id='word_1_428' title='bbox 2022 514 2136 552; x_wconf 75' lang='grc' dir='ltr'>ὕπνου.</span> <span class='ocrx_word' id='word_1_429' title='bbox 2154 523 2193 551; x_wconf 84' lang='lat' dir='ltr'>E.</span> <span class='ocrx_word' id='word_1_430' title='bbox 2213 516 2252 552; x_wconf 78' lang='grc' dir='ltr'>τὸ</span> <span class='ocrx_word' id='word_1_431' title='bbox 2271 516 2452 567; x_wconf 79' lang='grc' dir='ltr'>ἐξηγρόμην</span> <span class='ocrx_word' id='word_1_432' title='bbox 2468 517 2558 567; x_wconf 83' lang='grc' dir='ltr'>λέγει</span> 
     </span>
     <span class='ocr_line' id='line_1_58' title="bbox 1608 567 2336 619; baseline 0.004 -15"><span class='ocrx_word' id='word_1_433' title='bbox 1608 567 1729 610; x_wconf 82' lang='grc' dir='ltr'>δεικνὺς</span> <span class='ocrx_word' id='word_1_434' title='bbox 1746 568 1852 612; x_wconf 85' lang='grc' dir='ltr'>αὐτὸν,</span> <span class='ocrx_word' id='word_1_435' title='bbox 1870 568 1918 604; x_wconf 79' lang='grc' dir='ltr'>ὅτι</span> <span class='ocrx_word' id='word_1_436' title='bbox 1933 569 2080 617; x_wconf 86' lang='grc' dir='ltr'>ὀνείρατα</span> <span class='ocrx_word' id='word_1_437' title='bbox 2096 569 2282 619; x_wconf 74' lang='grc' dir='ltr'>φθέγγεται.</span> <span class='ocrx_word' id='word_1_438' title='bbox 2302 582 2336 609; x_wconf 76' lang='grc' dir='ltr'>Ε.</span> 
     </span>
    </p>

    <p class='ocr_par' dir='ltr' id='par_1_21' title="bbox 1608 622 2574 884">
     <span class='ocr_line' id='line_1_59' title="bbox 1655 622 2574 675; baseline 0.004 -15"><span class='ocrx_word' id='word_1_439' title='bbox 1655 635 1697 660; x_wconf 74' lang='grc'>63.</span> <span class='ocrx_word' id='word_1_440' title='bbox 1725 622 1782 667; x_wconf 80' lang='grc' dir='ltr'>τὴν</span> <span class='ocrx_word' id='word_1_441' title='bbox 1807 623 2016 671; x_wconf 80' lang='grc' dir='ltr'>Ἀνδρομέδαν</span> <span class='ocrx_word' id='word_1_442' title='bbox 2038 637 2045 660; x_wconf 88' lang='lat'>:</span> <span class='ocrx_word' id='word_1_443' title='bbox 2072 627 2163 672; x_wconf 82' lang='grc' dir='ltr'>(Τῶν</span> <span class='ocrx_word' id='word_1_444' title='bbox 2184 625 2366 661; x_wconf 76' lang='grc' dir='ltr'>καλλίστοιν</span> <span class='ocrx_word' id='word_1_445' title='bbox 2396 627 2574 675; x_wconf 75' lang='grc' dir='ltr'>Εὐριπίδου</span> 
     </span>
     <span class='ocr_line' id='line_1_60' title="bbox 1608 676 2574 730; baseline 0.004 -18"><span class='ocrx_word' id='word_1_446' title='bbox 1608 677 1717 726; x_wconf 79' lang='grc' dir='ltr'>δρᾶμα</span> <span class='ocrx_word' id='word_1_447' title='bbox 1732 680 1752 720; x_wconf 86' lang='grc' dir='ltr'>ἡ</span> <span class='ocrx_word' id='word_1_448' title='bbox 1773 677 1989 726; x_wconf 80' lang='grc' dir='ltr'>Ἀνδρομέδα.)</span> <span class='ocrx_word' id='word_1_449' title='bbox 2009 676 2061 713; x_wconf 84' lang='grc' dir='ltr'>διὰ</span> <span class='ocrx_word' id='word_1_450' title='bbox 2085 677 2115 713; x_wconf 90' lang='grc' dir='ltr'>τί</span> <span class='ocrx_word' id='word_1_451' title='bbox 2137 677 2169 714; x_wconf 86' lang='grc' dir='ltr'>δὲ</span> <span class='ocrx_word' id='word_1_452' title='bbox 2192 677 2238 725; x_wconf 81' lang='grc' dir='ltr'>μὴ</span> <span class='ocrx_word' id='word_1_453' title='bbox 2258 678 2338 715; x_wconf 83' lang='grc' dir='ltr'>ἄλλο</span> <span class='ocrx_word' id='word_1_454' title='bbox 2364 694 2396 715; x_wconf 88' lang='grc' dir='ltr'>τι</span> <span class='ocrx_word' id='word_1_455' title='bbox 2418 683 2481 716; x_wconf 83' lang='grc' dir='ltr'>τῶν</span> <span class='ocrx_word' id='word_1_456' title='bbox 2507 680 2574 730; x_wconf 76' lang='grc' dir='ltr'>πρὸ</span> 
     </span>
     <span class='ocr_line' id='line_1_61' title="bbox 1608 731 2573 783; baseline 0.004 -16"><span class='ocrx_word' id='word_1_457' title='bbox 1608 731 1715 779; x_wconf 87' lang='grc' dir='ltr'>ὀλίγου</span> <span class='ocrx_word' id='word_1_458' title='bbox 1725 731 1938 779; x_wconf 83' lang='grc' dir='ltr'>διδαχθέντων</span> <span class='ocrx_word' id='word_1_459' title='bbox 1955 731 2010 767; x_wconf 76' lang='grc' dir='ltr'>καὶ</span> <span class='ocrx_word' id='word_1_460' title='bbox 2025 734 2144 776; x_wconf 80' lang='grc' dir='ltr'>καλῶν,</span> <span class='ocrx_word' id='word_1_461' title='bbox 2165 733 2360 783; x_wconf 83' lang='grc' dir='ltr'>Ὑψιπύλης,</span> <span class='ocrx_word' id='word_1_462' title='bbox 2372 736 2573 780; x_wconf 80' lang='grc' dir='ltr'>Φοινισσῶν,</span> 
     </span>
     <span class='ocr_line' id='line_1_62' title="bbox 1608 784 2572 838; baseline 0.006 -18"><span class='ocrx_word' id='word_1_463' title='bbox 1608 784 1791 829; x_wconf 82' lang='grc' dir='ltr'>Ἀντιόπης;</span> <span class='ocrx_word' id='word_1_464' title='bbox 1814 788 1835 829; x_wconf 84' lang='grc' dir='ltr'>ἡ</span> <span class='ocrx_word' id='word_1_465' title='bbox 1867 784 1899 820; x_wconf 76' lang='grc' dir='ltr'>δὲ</span> <span class='ocrx_word' id='word_1_466' title='bbox 1918 785 2111 836; x_wconf 80' lang='grc' dir='ltr'>Ἀνδρομέδα</span> <span class='ocrx_word' id='word_1_467' title='bbox 2135 786 2237 836; x_wconf 80' lang='grc' dir='ltr'>ὀγδόῳ</span> <span class='ocrx_word' id='word_1_468' title='bbox 2261 786 2326 823; x_wconf 86' lang='grc' dir='ltr'>ἔτει</span> <span class='ocrx_word' id='word_1_469' title='bbox 2347 791 2572 838; x_wconf 75' lang='grc' dir='ltr'>προεισῆλθεν.</span> 
     </span>
     <span class='ocr_line' id='line_1_63' title="bbox 1609 836 2251 884; baseline 0.006 -11"><span class='ocrx_word' id='word_1_470' title='bbox 1609 839 1682 874; x_wconf 85' lang='grc' dir='ltr'>ἀλλ’</span> <span class='ocrx_word' id='word_1_471' title='bbox 1696 840 1732 875; x_wconf 82' lang='grc' dir='ltr'>οὗ</span> <span class='ocrx_word' id='word_1_472' title='bbox 1751 839 1978 884; x_wconf 84' lang='grc' dir='ltr'>συκοφαντητὰ</span> <span class='ocrx_word' id='word_1_473' title='bbox 1994 836 2033 884; x_wconf 75' lang='grc' dir='ltr'>ἧν</span> <span class='ocrx_word' id='word_1_474' title='bbox 2051 840 2092 876; x_wconf 74' lang='grc' dir='ltr'>τὰ</span> <span class='ocrx_word' id='word_1_475' title='bbox 2108 845 2251 877; x_wconf 80' lang='grc' dir='ltr'>τοιαῦτα.</span> 
     </span>
    </p>

    <p class='ocr_par' dir='ltr' id='par_1_22' title="bbox 1657 892 2175 937">
     <span class='ocr_line' id='line_1_64' title="bbox 1657 892 2175 937; baseline 0.004 -9"><span class='ocrx_word' id='word_1_476' title='bbox 1657 904 1701 929; x_wconf 73' lang='grc' dir='ltr'>Μ.</span> <span class='ocrx_word' id='word_1_477' title='bbox 1728 892 1868 935; x_wconf 77' lang='grc' dir='ltr'>ἐπάταξε</span> <span class='ocrx_word' id='word_1_478' title='bbox 1887 906 1896 929; x_wconf 87' lang='lat'>:</span> <span class='ocrx_word' id='word_1_479' title='bbox 1916 892 2074 937; x_wconf 81' lang='grc' dir='ltr'>Ἔπληξε.</span> <span class='ocrx_word' id='word_1_480' title='bbox 2101 904 2175 933; x_wconf 65' lang='lat' dir='ltr'>sict.</span> 
     </span>
    </p>

    <p class='ocr_par' dir='ltr' id='par_1_23' title="bbox 1607 946 2574 1214">
     <span class='ocr_line' id='line_1_65' title="bbox 1657 946 2574 999; baseline 0.002 -16"><span class='ocrx_word' id='word_1_481' title='bbox 1657 958 1701 983; x_wconf 76' lang='lat'>5⁵.</span> <span class='ocrx_word' id='word_1_482' title='bbox 1729 946 1841 997; x_wconf 82' lang='grc' dir='ltr'>μικρὸς</span> <span class='ocrx_word' id='word_1_483' title='bbox 1855 946 1964 991; x_wconf 84' lang='grc' dir='ltr'>ἡλίκος</span> <span class='ocrx_word' id='word_1_484' title='bbox 1982 947 2100 984; x_wconf 89' lang='grc' dir='ltr'>Μόλων</span> <span class='ocrx_word' id='word_1_485' title='bbox 2117 960 2125 983; x_wconf 92' lang='lat'><strong>:</strong></span> <span class='ocrx_word' id='word_1_486' title='bbox 2146 947 2284 994; x_wconf 85' lang='grc' dir='ltr'>(Παίζει.</span> <span class='ocrx_word' id='word_1_487' title='bbox 2302 947 2370 984; x_wconf 83' lang='grc' dir='ltr'>ἔστι</span> <span class='ocrx_word' id='word_1_488' title='bbox 2387 949 2449 999; x_wconf 79' lang='grc' dir='ltr'>γὰρ</span> <span class='ocrx_word' id='word_1_489' title='bbox 2468 964 2574 998; x_wconf 85' lang='grc' dir='ltr'>μεγα-</span> 
     </span>
     <span class='ocr_line' id='line_1_66' title="bbox 1607 1000 2573 1053; baseline 0.004 -16"><span class='ocrx_word' id='word_1_490' title='bbox 1607 1000 1756 1049; x_wconf 88' lang='grc' dir='ltr'>λόσωμος</span> <span class='ocrx_word' id='word_1_491' title='bbox 1770 1004 1787 1037; x_wconf 86' lang='grc' dir='ltr'><strong><em>ὃ</em></strong></span> <span class='ocrx_word' id='word_1_492' title='bbox 1807 1001 1935 1039; x_wconf 84' lang='grc' dir='ltr'>Μόλων.</span> <span class='ocrx_word' id='word_1_493' title='bbox 2013 1001 2159 1048; x_wconf 78' lang='grc' dir='ltr'>Ἄλλως.)</span> <span class='ocrx_word' id='word_1_494' title='bbox 2177 1002 2318 1051; x_wconf 83' lang='grc' dir='ltr'>Δίδυμός</span> <span class='ocrx_word' id='word_1_495' title='bbox 2335 1018 2431 1053; x_wconf 82' lang='grc' dir='ltr'>φησιν</span> <span class='ocrx_word' id='word_1_496' title='bbox 2449 1004 2499 1040; x_wconf 79' lang='grc' dir='ltr'>ὅτι</span> <span class='ocrx_word' id='word_1_497' title='bbox 2513 1005 2573 1041; x_wconf 87' lang='grc' dir='ltr'>δύο</span> 
     </span>
     <span class='ocr_line' id='line_1_67' title="bbox 1609 1054 2566 1107; baseline 0.004 -16"><span class='ocrx_word' id='word_1_498' title='bbox 1609 1054 1762 1096; x_wconf 85' lang='grc' dir='ltr'>Μόλωνές</span> <span class='ocrx_word' id='word_1_499' title='bbox 1783 1058 1874 1099; x_wconf 80' lang='grc' dir='ltr'>εἰσιν,</span> <span class='ocrx_word' id='word_1_500' title='bbox 1887 1059 1904 1092; x_wconf 83' lang='grc' dir='ltr'><strong>ὁ</strong></span> <span class='ocrx_word' id='word_1_501' title='bbox 1918 1055 2089 1106; x_wconf 77' lang='grc' dir='ltr'>ὑποκριτὴς</span> <span class='ocrx_word' id='word_1_502' title='bbox 2103 1056 2159 1091; x_wconf 71' lang='grc' dir='ltr'>καὶΙ</span> <span class='ocrx_word' id='word_1_503' title='bbox 2171 1059 2188 1092; x_wconf 82' lang='grc' dir='ltr'><strong><em>ὃ</em></strong></span> <span class='ocrx_word' id='word_1_504' title='bbox 2205 1057 2408 1102; x_wconf 80' lang='grc' dir='ltr'>λωποδύτης·</span> <span class='ocrx_word' id='word_1_505' title='bbox 2418 1057 2475 1094; x_wconf 82' lang='grc' dir='ltr'>καὶ</span> <span class='ocrx_word' id='word_1_506' title='bbox 2486 1062 2566 1107; x_wconf 73' lang='grc' dir='ltr'>μᾶλ-</span> 
     </span>
     <span class='ocr_line' id='line_1_68' title="bbox 1608 1109 2573 1161; baseline 0.004 -15"><span class='ocrx_word' id='word_1_507' title='bbox 1608 1111 1663 1147; x_wconf 87' lang='grc' dir='ltr'>λον</span> <span class='ocrx_word' id='word_1_508' title='bbox 1679 1109 1732 1147; x_wconf 77' lang='grc' dir='ltr'>τὸν</span> <span class='ocrx_word' id='word_1_509' title='bbox 1747 1111 1936 1155; x_wconf 85' lang='grc' dir='ltr'>λωποδύτην</span> <span class='ocrx_word' id='word_1_510' title='bbox 1953 1110 2056 1159; x_wconf 83' lang='grc' dir='ltr'>λέγει,</span> <span class='ocrx_word' id='word_1_511' title='bbox 2074 1110 2108 1151; x_wconf 77' lang='grc' dir='ltr'>ὅς</span> <span class='ocrx_word' id='word_1_512' title='bbox 2121 1113 2188 1147; x_wconf 81' lang='grc' dir='ltr'>ἐστι</span> <span class='ocrx_word' id='word_1_513' title='bbox 2205 1111 2316 1161; x_wconf 86' lang='grc' dir='ltr'>μικρὸς</span> <span class='ocrx_word' id='word_1_514' title='bbox 2333 1112 2368 1148; x_wconf 83' lang='grc' dir='ltr'>τὸ</span> <span class='ocrx_word' id='word_1_515' title='bbox 2383 1116 2492 1161; x_wconf 89' lang='grc' dir='ltr'>σῶμα.</span> <span class='ocrx_word' id='word_1_516' title='bbox 2511 1116 2573 1151; x_wconf 73' lang='lat' dir='ltr'>Tt-</span> 
     </span>
     <span class='ocr_line' id='line_1_69' title="bbox 1610 1163 2488 1214; baseline 0.003 -14"><span class='ocrx_word' id='word_1_517' title='bbox 1610 1164 1755 1213; x_wconf 84' lang='grc' dir='ltr'>μαχίδας</span> <span class='ocrx_word' id='word_1_518' title='bbox 1771 1163 1805 1200; x_wconf 78' lang='grc' dir='ltr'>δὲ</span> <span class='ocrx_word' id='word_1_519' title='bbox 1821 1165 1875 1200; x_wconf 85' lang='grc' dir='ltr'>τὸν</span> <span class='ocrx_word' id='word_1_520' title='bbox 1892 1165 2068 1214; x_wconf 77' lang='grc' dir='ltr'>ὑποκριτὴν</span> <span class='ocrx_word' id='word_1_521' title='bbox 2083 1165 2233 1213; x_wconf 86' lang='grc' dir='ltr'>λέγεσθαι</span> <span class='ocrx_word' id='word_1_522' title='bbox 2247 1166 2314 1202; x_wconf 82' lang='grc' dir='ltr'>νυνὶ</span> <span class='ocrx_word' id='word_1_523' title='bbox 2334 1167 2488 1203; x_wconf 88' lang='grc' dir='ltr'>Μόλωνα.</span> 
     </span>
    </p>

    <p class='ocr_par' dir='ltr' id='par_1_24' title="bbox 1609 1218 2574 1485">
     <span class='ocr_line' id='line_1_70' title="bbox 1657 1218 2574 1270; baseline 0.004 -15"><span class='ocrx_word' id='word_1_524' title='bbox 1657 1231 1700 1255; x_wconf 71' lang='grc' dir='ltr'>οε.</span> <span class='ocrx_word' id='word_1_525' title='bbox 1726 1219 1875 1266; x_wconf 83' lang='grc' dir='ltr'>γυναικὸς</span> <span class='ocrx_word' id='word_1_526' title='bbox 1893 1220 1930 1255; x_wconf 81' lang='grc' dir='ltr'>οὗ</span> <span class='ocrx_word' id='word_1_527' title='bbox 1960 1221 2041 1263; x_wconf 78' lang='grc' dir='ltr'>δῆτα</span> <span class='ocrx_word' id='word_1_528' title='bbox 2075 1232 2084 1256; x_wconf 75' lang='lat' dir='ltr'><strong><em>z</em></strong></span> <span class='ocrx_word' id='word_1_529' title='bbox 2116 1218 2210 1261; x_wconf 81' lang='grc' dir='ltr'>Τινὲς</span> <span class='ocrx_word' id='word_1_530' title='bbox 2241 1220 2305 1255; x_wconf 68' lang='grc' dir='ltr'>ἀπὸ</span> <span class='ocrx_word' id='word_1_531' title='bbox 2337 1224 2393 1257; x_wconf 78' lang='grc' dir='ltr'>τοῦ</span> <span class='ocrx_word' id='word_1_532' title='bbox 2422 1223 2574 1270; x_wconf 79' lang='grc' dir='ltr'>γυναικὸς</span> 
     </span>
     <span class='ocr_line' id='line_1_71' title="bbox 1609 1272 2573 1325; baseline 0.007 -18"><span class='ocrx_word' id='word_1_533' title='bbox 1609 1272 1768 1320; x_wconf 81' lang='grc' dir='ltr'>ἀμοιὸαῗα</span> <span class='ocrx_word' id='word_1_534' title='bbox 1783 1278 1926 1318; x_wconf 78' lang='grc' dir='ltr'>ποιοῦσι,</span> <span class='ocrx_word' id='word_1_535' title='bbox 1940 1273 2022 1315; x_wconf 83' lang='grc' dir='ltr'>τινὲς</span> <span class='ocrx_word' id='word_1_536' title='bbox 2035 1272 2068 1309; x_wconf 80' lang='grc' dir='ltr'>δὲ</span> <span class='ocrx_word' id='word_1_537' title='bbox 2083 1273 2158 1310; x_wconf 75' lang='grc' dir='ltr'>ὅλον</span> <span class='ocrx_word' id='word_1_538' title='bbox 2173 1274 2250 1323; x_wconf 82' lang='grc' dir='ltr'>φασὶ</span> <span class='ocrx_word' id='word_1_539' title='bbox 2264 1273 2318 1310; x_wconf 76' lang='grc' dir='ltr'>τὸν</span> <span class='ocrx_word' id='word_1_540' title='bbox 2334 1275 2499 1325; x_wconf 81' lang='grc' dir='ltr'>Ἡρακλέα</span> <span class='ocrx_word' id='word_1_541' title='bbox 2514 1277 2573 1314; x_wconf 87' lang='grc' dir='ltr'>λέ-</span> 
     </span>
     <span class='ocr_line' id='line_1_72' title="bbox 1609 1327 2573 1377; baseline 0.004 -14"><span class='ocrx_word' id='word_1_542' title='bbox 1609 1341 1687 1375; x_wconf 87' lang='grc' dir='ltr'>γειν,</span> <span class='ocrx_word' id='word_1_543' title='bbox 1708 1327 1912 1375; x_wconf 85' lang='grc' dir='ltr'>λογιζόμενον</span> <span class='ocrx_word' id='word_1_544' title='bbox 1931 1327 2016 1369; x_wconf 88' lang='grc' dir='ltr'>τίνος</span> <span class='ocrx_word' id='word_1_545' title='bbox 2035 1327 2161 1377; x_wconf 79' lang='grc' dir='ltr'>ἠράσθη</span> <span class='ocrx_word' id='word_1_546' title='bbox 2180 1328 2342 1370; x_wconf 88' lang='grc' dir='ltr'>Διόνυσος.</span> <span class='ocrx_word' id='word_1_547' title='bbox 2363 1333 2421 1365; x_wconf 78' lang='grc' dir='ltr'>τοῦ</span> <span class='ocrx_word' id='word_1_548' title='bbox 2439 1329 2473 1366; x_wconf 83' lang='grc' dir='ltr'>δὲ</span> <span class='ocrx_word' id='word_1_549' title='bbox 2493 1333 2573 1367; x_wconf 88' lang='grc' dir='ltr'>Διο-</span> 
     </span>
     <span class='ocr_line' id='line_1_73' title="bbox 1610 1379 2574 1431; baseline 0.003 -15"><span class='ocrx_word' id='word_1_550' title='bbox 1610 1379 1704 1416; x_wconf 83' lang='grc' dir='ltr'>νύσου</span> <span class='ocrx_word' id='word_1_551' title='bbox 1722 1380 1866 1422; x_wconf 80' lang='grc' dir='ltr'>εἰπόντος</span> <span class='ocrx_word' id='word_1_552' title='bbox 1881 1381 1919 1417; x_wconf 88' lang='grc' dir='ltr'>τὸ</span> <span class='ocrx_word' id='word_1_553' title='bbox 1936 1382 2092 1426; x_wconf 82' lang='grc' dir='ltr'>ἀτταταῖ,</span> <span class='ocrx_word' id='word_1_554' title='bbox 2113 1384 2130 1417; x_wconf 81' lang='grc' dir='ltr'>ὁ</span> <span class='ocrx_word' id='word_1_555' title='bbox 2146 1381 2312 1431; x_wconf 78' lang='grc' dir='ltr'>Ἡρακλῆς</span> <span class='ocrx_word' id='word_1_556' title='bbox 2327 1382 2501 1419; x_wconf 80' lang='grc' dir='ltr'>ὑποπτεύει</span> <span class='ocrx_word' id='word_1_557' title='bbox 2517 1386 2574 1419; x_wconf 86' lang='grc' dir='ltr'>ἀν-</span> 
     </span>
     <span class='ocr_line' id='line_1_74' title="bbox 1610 1434 2348 1485; baseline 0.003 -15"><span class='ocrx_word' id='word_1_558' title='bbox 1610 1434 1681 1484; x_wconf 74' lang='grc' dir='ltr'>δρὸς</span> <span class='ocrx_word' id='word_1_559' title='bbox 1698 1436 1871 1485; x_wconf 73' lang='grc' dir='ltr'>ἐρασθῆναι</span> <span class='ocrx_word' id='word_1_560' title='bbox 1889 1435 2097 1477; x_wconf 84' lang='grc' dir='ltr'>Κλεισθένους</span> <span class='ocrx_word' id='word_1_561' title='bbox 2113 1435 2166 1471; x_wconf 85' lang='grc' dir='ltr'>τὸν</span> <span class='ocrx_word' id='word_1_562' title='bbox 2184 1435 2348 1473; x_wconf 90' lang='grc' dir='ltr'>Διόνυσον.</span> 
     </span>
    </p>

    <p class='ocr_par' dir='ltr' id='par_1_25' title="bbox 1610 1489 2574 1702">
     <span class='ocr_line' id='line_1_75' title="bbox 1658 1489 2574 1541; baseline 0.003 -16"><span class='ocrx_word' id='word_1_563' title='bbox 1658 1501 1700 1526; x_wconf 75' lang='grc'>57.</span> <span class='ocrx_word' id='word_1_564' title='bbox 1729 1489 1881 1538; x_wconf 83' lang='grc' dir='ltr'>(ἀτταταί</span> <span class='ocrx_word' id='word_1_565' title='bbox 1897 1502 1905 1527; x_wconf 90' lang='lat'>:</span> <span class='ocrx_word' id='word_1_566' title='bbox 1923 1489 2086 1539; x_wconf 85' lang='grc' dir='ltr'>Γράφεται</span> <span class='ocrx_word' id='word_1_567' title='bbox 2105 1489 2270 1527; x_wconf 86' lang='grc' dir='ltr'>ἀππαπαί.</span> <span class='ocrx_word' id='word_1_568' title='bbox 2287 1489 2339 1526; x_wconf 80' lang='grc' dir='ltr'>διὰ</span> <span class='ocrx_word' id='word_1_569' title='bbox 2363 1489 2477 1528; x_wconf 84' lang='grc' dir='ltr'>τούτου</span> <span class='ocrx_word' id='word_1_570' title='bbox 2497 1507 2574 1541; x_wconf 88' lang='grc' dir='ltr'>συγ-</span> 
     </span>
     <span class='ocr_line' id='line_1_76' title="bbox 1610 1543 2572 1593; baseline 0.003 -15"><span class='ocrx_word' id='word_1_571' title='bbox 1610 1543 1828 1591; x_wconf 82' lang='grc' dir='ltr'>καταθεμένου</span> <span class='ocrx_word' id='word_1_572' title='bbox 1850 1546 1906 1580; x_wconf 77' lang='grc' dir='ltr'>τοῦ</span> <span class='ocrx_word' id='word_1_573' title='bbox 1925 1543 2079 1580; x_wconf 85' lang='grc' dir='ltr'>Διονύσου</span> <span class='ocrx_word' id='word_1_574' title='bbox 2105 1543 2161 1580; x_wconf 84' lang='grc' dir='ltr'>καὶ</span> <span class='ocrx_word' id='word_1_575' title='bbox 2185 1546 2202 1579; x_wconf 86' lang='grc' dir='ltr'><strong>ὁ</strong></span> <span class='ocrx_word' id='word_1_576' title='bbox 2220 1543 2390 1593; x_wconf 79' lang='grc' dir='ltr'>Ἡρακλῆς</span> <span class='ocrx_word' id='word_1_577' title='bbox 2405 1545 2572 1593; x_wconf 79' lang='grc' dir='ltr'>ἐπήνεγκε,</span> 
     </span>
     <span class='ocr_line' id='line_1_77' title="bbox 1611 1595 2571 1649; baseline 0.003 -15"><span class='ocrx_word' id='word_1_578' title='bbox 1611 1595 1658 1645; x_wconf 76' lang='grc' dir='ltr'>μὴ</span> <span class='ocrx_word' id='word_1_579' title='bbox 1679 1601 1735 1634; x_wconf 78' lang='grc' dir='ltr'>τοῦ</span> <span class='ocrx_word' id='word_1_580' title='bbox 1756 1597 1984 1642; x_wconf 84' lang='grc' dir='ltr'>Κλεισθένους,</span> <span class='ocrx_word' id='word_1_581' title='bbox 2004 1597 2057 1633; x_wconf 75' lang='grc' dir='ltr'>διὰ</span> <span class='ocrx_word' id='word_1_582' title='bbox 2075 1598 2129 1642; x_wconf 83' lang='grc' dir='ltr'>τὸ,</span> <span class='ocrx_word' id='word_1_583' title='bbox 2147 1598 2341 1635; x_wconf 69' lang='grc' dir='ltr'>ἐπεὸάτευον</span> <span class='ocrx_word' id='word_1_584' title='bbox 2358 1599 2571 1649; x_wconf 86' lang='grc' dir='ltr'>Κλεισθένει.)</span> 
     </span>
     <span class='ocr_line' id='line_1_78' title="bbox 1612 1651 2301 1702; baseline 0.001 -15"><span class='ocrx_word' id='word_1_585' title='bbox 1612 1673 1659 1679; x_wconf 94' lang='grc'>-</span> <span class='ocrx_word' id='word_1_586' title='bbox 1676 1651 1839 1702; x_wconf 77' lang='grc' dir='ltr'>ξυνεγένου</span> <span class='ocrx_word' id='word_1_587' title='bbox 1859 1664 1869 1689; x_wconf 87' lang='lat'>:</span> <span class='ocrx_word' id='word_1_588' title='bbox 1889 1654 2042 1702; x_wconf 77' lang='grc' dir='ltr'>Αἷσχρῶς</span> <span class='ocrx_word' id='word_1_589' title='bbox 2059 1652 2195 1696; x_wconf 82' lang='grc' dir='ltr'>ἡνώθης.</span> <span class='ocrx_word' id='word_1_590' title='bbox 2225 1660 2301 1688; x_wconf 72' lang='grc' dir='ltr'>νὶσι.</span> 
     </span>
    </p>

    <p class='ocr_par' dir='ltr' id='par_1_26' title="bbox 1610 1705 2588 2025">
     <span class='ocr_line' id='line_1_79' title="bbox 1660 1705 2574 1758; baseline 0.001 -14"><span class='ocrx_word' id='word_1_591' title='bbox 1660 1719 1704 1744; x_wconf 74' lang='lat'>⁵8.</span> <span class='ocrx_word' id='word_1_592' title='bbox 1734 1708 1782 1754; x_wconf 81' lang='grc' dir='ltr'>(οὗ</span> <span class='ocrx_word' id='word_1_593' title='bbox 1802 1705 1865 1757; x_wconf 73' lang='grc' dir='ltr'>γὰρ</span> <span class='ocrx_word' id='word_1_594' title='bbox 1884 1707 1955 1743; x_wconf 90' lang='grc' dir='ltr'>ἀλλ’</span> <span class='ocrx_word' id='word_1_595' title='bbox 1979 1706 2045 1756; x_wconf 79' lang='grc' dir='ltr'>ἔχω</span> <span class='ocrx_word' id='word_1_596' title='bbox 2072 1708 2180 1748; x_wconf 83' lang='grc' dir='ltr'>κακῶς</span> <span class='ocrx_word' id='word_1_597' title='bbox 2204 1719 2213 1743; x_wconf 76' lang='lat'>2</span> <span class='ocrx_word' id='word_1_598' title='bbox 2242 1706 2326 1743; x_wconf 83' lang='grc' dir='ltr'>Ἀντὶ</span> <span class='ocrx_word' id='word_1_599' title='bbox 2352 1710 2409 1743; x_wconf 79' lang='grc' dir='ltr'>τοῦ</span> <span class='ocrx_word' id='word_1_600' title='bbox 2438 1708 2574 1758; x_wconf 79' lang='grc' dir='ltr'>καὶγὰρ</span> 
     </span>
     <span class='ocr_line' id='line_1_80' title="bbox 1611 1759 2571 1812; baseline 0.002 -16"><span class='ocrx_word' id='word_1_601' title='bbox 1611 1759 1707 1796; x_wconf 74' lang='grc' dir='ltr'>ἀλλά.</span> <span class='ocrx_word' id='word_1_602' title='bbox 1724 1759 1761 1796; x_wconf 82' lang='grc' dir='ltr'>τὸ</span> <span class='ocrx_word' id='word_1_603' title='bbox 1779 1759 1863 1797; x_wconf 77' lang='grc' dir='ltr'>ἀλλὰ</span> <span class='ocrx_word' id='word_1_604' title='bbox 1879 1760 2035 1810; x_wconf 84' lang='grc' dir='ltr'>παρέλκει</span> <span class='ocrx_word' id='word_1_605' title='bbox 2050 1760 2210 1802; x_wconf 82' lang='grc' dir='ltr'>Ἀττικῶς.</span> <span class='ocrx_word' id='word_1_606' title='bbox 2236 1760 2307 1796; x_wconf 77' lang='grc' dir='ltr'>ἀντὶ</span> <span class='ocrx_word' id='word_1_607' title='bbox 2324 1764 2397 1806; x_wconf 78' lang='grc' dir='ltr'>τοῦ,</span> <span class='ocrx_word' id='word_1_608' title='bbox 2419 1760 2486 1810; x_wconf 82' lang='grc' dir='ltr'>ἔχω</span> <span class='ocrx_word' id='word_1_609' title='bbox 2508 1762 2571 1812; x_wconf 82' lang='grc' dir='ltr'>γὰρ</span> 
     </span>
     <span class='ocr_line' id='line_1_81' title="bbox 1611 1812 2588 1865; baseline 0.002 -16"><span class='ocrx_word' id='word_1_610' title='bbox 1611 1815 1741 1861; x_wconf 77' lang='grc' dir='ltr'>κακῶς.)</span> <span class='ocrx_word' id='word_1_611' title='bbox 1767 1838 1807 1843; x_wconf 94' lang='lat'><em>-</em></span> <span class='ocrx_word' id='word_1_612' title='bbox 1824 1812 1959 1855; x_wconf 79' lang='grc' dir='ltr'>Ἄλλως.</span> <span class='ocrx_word' id='word_1_613' title='bbox 1989 1816 2026 1851; x_wconf 76' lang='grc' dir='ltr'>οὐ</span> <span class='ocrx_word' id='word_1_614' title='bbox 2054 1814 2117 1864; x_wconf 78' lang='grc' dir='ltr'>γὰρ</span> <span class='ocrx_word' id='word_1_615' title='bbox 2139 1814 2222 1850; x_wconf 87' lang='grc' dir='ltr'>ἀλλά</span> <span class='ocrx_word' id='word_1_616' title='bbox 2249 1814 2320 1851; x_wconf 68' lang='grc' dir='ltr'>ἀντὶ</span> <span class='ocrx_word' id='word_1_617' title='bbox 2343 1818 2398 1851; x_wconf 70' lang='grc' dir='ltr'>τοῦ</span> <span class='ocrx_word' id='word_1_618' title='bbox 2428 1816 2484 1851; x_wconf 83' lang='grc' dir='ltr'>καὶ</span> <span class='ocrx_word' id='word_1_619' title='bbox 2506 1816 2588 1865; x_wconf 60' lang='grc' dir='ltr'>’γιὶιρ4</span> 
     </span>
     <span class='ocr_line' id='line_1_82' title="bbox 1611 1867 2573 1918; baseline 0.002 -15"><span class='ocrx_word' id='word_1_620' title='bbox 1611 1868 1708 1904; x_wconf 82' lang='grc' dir='ltr'>ἀλλά.</span> <span class='ocrx_word' id='word_1_621' title='bbox 1726 1868 1939 1918; x_wconf 84' lang='grc' dir='ltr'>Καλλίμαχος</span> <span class='ocrx_word' id='word_1_622' title='bbox 1957 1886 1972 1900; x_wconf 78' lang='grc' dir='ltr'>οι</span> <span class='ocrx_word' id='word_1_623' title='bbox 2002 1869 2038 1903; x_wconf 84' lang='grc' dir='ltr'>οὐ</span> <span class='ocrx_word' id='word_1_624' title='bbox 2056 1867 2118 1918; x_wconf 78' lang='grc' dir='ltr'>γὰρ</span> <span class='ocrx_word' id='word_1_625' title='bbox 2136 1869 2207 1904; x_wconf 85' lang='grc' dir='ltr'>ἀλλ’</span> <span class='ocrx_word' id='word_1_626' title='bbox 2228 1868 2310 1912; x_wconf 79' lang='grc' dir='ltr'>ἥκω.</span> <span class='ocrx_word' id='word_1_627' title='bbox 2336 1885 2350 1900; x_wconf 75' lang='grc' dir='ltr'>ν</span> <span class='ocrx_word' id='word_1_628' title='bbox 2373 1876 2413 1904; x_wconf 82' lang='lat' dir='ltr'>V.</span> <span class='ocrx_word' id='word_1_629' title='bbox 2442 1870 2479 1906; x_wconf 81' lang='grc' dir='ltr'>οὐ</span> <span class='ocrx_word' id='word_1_630' title='bbox 2510 1869 2573 1918; x_wconf 80' lang='grc' dir='ltr'>γὰρ</span> 
     </span>
     <span class='ocr_line' id='line_1_83' title="bbox 1610 1920 2572 1973; baseline 0.003 -16"><span class='ocrx_word' id='word_1_631' title='bbox 1610 1920 1705 1957; x_wconf 78' lang='grc' dir='ltr'>τοῦτό</span> <span class='ocrx_word' id='word_1_632' title='bbox 1717 1923 1794 1958; x_wconf 74' lang='grc' dir='ltr'>ἐστι.</span> <span class='ocrx_word' id='word_1_633' title='bbox 1818 1931 1850 1960; x_wconf 84' lang='grc'>0.</span> <span class='ocrx_word' id='word_1_634' title='bbox 1869 1923 1906 1958; x_wconf 83' lang='grc' dir='ltr'>οὗ</span> <span class='ocrx_word' id='word_1_635' title='bbox 1924 1921 1986 1973; x_wconf 79' lang='grc' dir='ltr'>γὰρ</span> <span class='ocrx_word' id='word_1_636' title='bbox 2005 1921 2118 1958; x_wconf 85' lang='grc' dir='ltr'>τούτου</span> <span class='ocrx_word' id='word_1_637' title='bbox 2135 1923 2299 1970; x_wconf 76' lang='grc' dir='ltr'>ἐπιθυμῶ,</span> <span class='ocrx_word' id='word_1_638' title='bbox 2315 1922 2333 1958; x_wconf 84' lang='grc' dir='ltr'>ὃ</span> <span class='ocrx_word' id='word_1_639' title='bbox 2346 1922 2469 1971; x_wconf 80' lang='grc' dir='ltr'>λέγεις·</span> <span class='ocrx_word' id='word_1_640' title='bbox 2488 1922 2572 1960; x_wconf 71' lang='grc' dir='ltr'>ἀλλὰ</span> 
     </span>
     <span class='ocr_line' id='line_1_84' title="bbox 1610 1975 1866 2025; baseline 0.004 -14"><span class='ocrx_word' id='word_1_641' title='bbox 1610 1977 1719 2017; x_wconf 85' lang='grc' dir='ltr'>κακῶς</span> <span class='ocrx_word' id='word_1_642' title='bbox 1732 1975 1809 2025; x_wconf 84' lang='grc' dir='ltr'>ἔχω.</span> <span class='ocrx_word' id='word_1_643' title='bbox 1830 1989 1866 2017; x_wconf 78' lang='grc' dir='ltr'>υ,</span> 
     </span>
    </p>

    <p class='ocr_par' dir='ltr' id='par_1_27' title="bbox 1660 2029 2132 2079">
     <span class='ocr_line' id='line_1_85' title="bbox 1660 2029 2132 2079; baseline -0.002 -12"><span class='ocrx_word' id='word_1_644' title='bbox 1660 2043 1703 2067; x_wconf 75' lang='grc' dir='ltr'>ιο.</span> <span class='ocrx_word' id='word_1_645' title='bbox 1731 2030 1883 2077; x_wconf 81' lang='grc' dir='ltr'>ἐπιθυμία</span> <span class='ocrx_word' id='word_1_646' title='bbox 1900 2029 1921 2074; x_wconf 79' lang='grc' dir='ltr'>ἢ</span> <span class='ocrx_word' id='word_1_647' title='bbox 1941 2030 2065 2079; x_wconf 82' lang='grc' dir='ltr'>ἀγάπη.</span> <span class='ocrx_word' id='word_1_648' title='bbox 2095 2036 2132 2066; x_wconf 81' lang='lat' dir='ltr'>V.</span> 
     </span>
    </p>

    <p class='ocr_par' dir='ltr' id='par_1_28' title="bbox 1611 2084 2571 2185">
     <span class='ocr_line' id='line_1_86' title="bbox 1658 2084 2571 2136; baseline 0.002 -16"><span class='ocrx_word' id='word_1_649' title='bbox 1658 2096 1702 2120; x_wconf 76' lang='grc' dir='ltr'>σι.</span> <span class='ocrx_word' id='word_1_650' title='bbox 1729 2085 1769 2119; x_wconf 88' lang='grc' dir='ltr'>δι’</span> <span class='ocrx_word' id='word_1_651' title='bbox 1788 2085 1944 2132; x_wconf 80' lang='grc' dir='ltr'>αἰνιγμῶν</span> <span class='ocrx_word' id='word_1_652' title='bbox 1961 2098 1970 2122; x_wconf 87' lang='lat'>:</span> <span class='ocrx_word' id='word_1_653' title='bbox 1990 2084 2073 2120; x_wconf 76' lang='grc' dir='ltr'>Ἀντὶ</span> <span class='ocrx_word' id='word_1_654' title='bbox 2090 2087 2145 2120; x_wconf 79' lang='grc' dir='ltr'>τοῦ</span> <span class='ocrx_word' id='word_1_655' title='bbox 2167 2085 2209 2121; x_wconf 86' lang='grc' dir='ltr'>δι’</span> <span class='ocrx_word' id='word_1_656' title='bbox 2223 2084 2390 2136; x_wconf 77' lang='grc' dir='ltr'>ἀσαφείας.</span> <span class='ocrx_word' id='word_1_657' title='bbox 2412 2092 2447 2121; x_wconf 78' lang='lat' dir='ltr'>R.</span> <span class='ocrx_word' id='word_1_658' title='bbox 2463 2091 2504 2122; x_wconf 82' lang='lat' dir='ltr'>V.</span> <span class='ocrx_word' id='word_1_659' title='bbox 2522 2087 2571 2122; x_wconf 81' lang='grc' dir='ltr'>αἰ-</span> 
     </span>
     <span class='ocr_line' id='line_1_87' title="bbox 1611 2136 1841 2185; baseline 0.013 -13"><span class='ocrx_word' id='word_1_660' title='bbox 1611 2136 1787 2185; x_wconf 84' lang='grc' dir='ltr'>νιγμάτων.</span> <span class='ocrx_word' id='word_1_661' title='bbox 1797 2139 1841 2175; x_wconf 82' lang='grc' dir='ltr'>Θ.</span> 
     </span>
    </p>

    <p class='ocr_par' dir='ltr' id='par_1_29' title="bbox 1611 2191 2573 2457">
     <span class='ocr_line' id='line_1_88' title="bbox 1661 2191 2572 2244; baseline 0.002 -16"><span class='ocrx_word' id='word_1_662' title='bbox 1661 2203 1705 2228; x_wconf 73' lang='lat'>⁶³.</span> <span class='ocrx_word' id='word_1_663' title='bbox 1734 2191 1841 2233; x_wconf 78' lang='grc' dir='ltr'>ἔτνους</span> <span class='ocrx_word' id='word_1_664' title='bbox 1857 2204 1866 2230; x_wconf 88' lang='lat'>:</span> <span class='ocrx_word' id='word_1_665' title='bbox 1883 2192 2044 2242; x_wconf 87' lang='grc' dir='ltr'>Ὀσπρίου</span> <span class='ocrx_word' id='word_1_666' title='bbox 2059 2191 2197 2230; x_wconf 89' lang='grc' dir='ltr'>πισίνου.</span> <span class='ocrx_word' id='word_1_667' title='bbox 2220 2195 2262 2234; x_wconf 80' lang='grc' dir='ltr'>ὡς</span> <span class='ocrx_word' id='word_1_668' title='bbox 2279 2192 2444 2244; x_wconf 80' lang='grc' dir='ltr'>ἀδηφάγον</span> <span class='ocrx_word' id='word_1_669' title='bbox 2466 2192 2501 2230; x_wconf 82' lang='grc' dir='ltr'>δὲ</span> <span class='ocrx_word' id='word_1_670' title='bbox 2518 2193 2572 2230; x_wconf 75' lang='grc' dir='ltr'>τὸν</span> 
     </span>
     <span class='ocr_line' id='line_1_89' title="bbox 1612 2241 2573 2297; baseline 0.002 -16"><span class='ocrx_word' id='word_1_671' title='bbox 1612 2244 1778 2295; x_wconf 81' lang='grc' dir='ltr'>Ἡρακλέα</span> <span class='ocrx_word' id='word_1_672' title='bbox 1791 2246 1995 2295; x_wconf 81' lang='grc' dir='ltr'>κωμῳδοῦσι.</span> <span class='ocrx_word' id='word_1_673' title='bbox 2008 2246 2055 2293; x_wconf 81' lang='grc' dir='ltr'>(τὸ</span> <span class='ocrx_word' id='word_1_674' title='bbox 2078 2245 2112 2282; x_wconf 84' lang='grc' dir='ltr'>δὲ</span> <span class='ocrx_word' id='word_1_675' title='bbox 2128 2245 2215 2287; x_wconf 81' lang='grc' dir='ltr'>ἔτνος</span> <span class='ocrx_word' id='word_1_676' title='bbox 2228 2241 2311 2288; x_wconf 74' lang='grc' dir='ltr'>εἶδος</span> <span class='ocrx_word' id='word_1_677' title='bbox 2324 2246 2470 2297; x_wconf 83' lang='grc' dir='ltr'>ἀθάρας.)</span> <span class='ocrx_word' id='word_1_678' title='bbox 2526 2247 2573 2297; x_wconf 77' lang='grc' dir='ltr'>[οἱ</span> 
     </span>
     <span class='ocr_line' id='line_1_90' title="bbox 1612 2296 2573 2349; baseline 0.002 -14"><span class='ocrx_word' id='word_1_679' title='bbox 1612 2296 1646 2335; x_wconf 82' lang='grc' dir='ltr'>δὲ</span> <span class='ocrx_word' id='word_1_680' title='bbox 1661 2300 1797 2349; x_wconf 85' lang='grc' dir='ltr'>ἀνδρεῖοι</span> <span class='ocrx_word' id='word_1_681' title='bbox 1811 2300 1867 2335; x_wconf 80' lang='grc' dir='ltr'>καὶ</span> <span class='ocrx_word' id='word_1_682' title='bbox 1881 2299 1961 2348; x_wconf 81' lang='grc' dir='ltr'>πρὸς</span> <span class='ocrx_word' id='word_1_683' title='bbox 1973 2299 2030 2341; x_wconf 78' lang='grc' dir='ltr'>τὰς</span> <span class='ocrx_word' id='word_1_684' title='bbox 2042 2300 2150 2348; x_wconf 86' lang='grc' dir='ltr'>μάχας</span> <span class='ocrx_word' id='word_1_685' title='bbox 2159 2300 2339 2348; x_wconf 77' lang='grc' dir='ltr'>θαυμαστοὶ</span> <span class='ocrx_word' id='word_1_686' title='bbox 2354 2300 2441 2342; x_wconf 80' lang='grc' dir='ltr'>ἔτνος</span> <span class='ocrx_word' id='word_1_687' title='bbox 2453 2300 2573 2337; x_wconf 86' lang='grc' dir='ltr'>ἐσθίου-</span> 
     </span>
     <span class='ocr_line' id='line_1_91' title="bbox 1612 2353 2572 2405; baseline 0.001 -16"><span class='ocrx_word' id='word_1_688' title='bbox 1612 2367 1662 2389; x_wconf 87' lang='grc' dir='ltr'>σιν</span> <span class='ocrx_word' id='word_1_689' title='bbox 1676 2355 1718 2394; x_wconf 78' lang='grc' dir='ltr'>ὥς</span> <span class='ocrx_word' id='word_1_690' title='bbox 1729 2353 1898 2389; x_wconf 78' lang='grc' dir='ltr'>συντελοῧν</span> <span class='ocrx_word' id='word_1_691' title='bbox 1917 2354 2024 2394; x_wconf 74' lang='grc' dir='ltr'>αὐτοῖς</span> <span class='ocrx_word' id='word_1_692' title='bbox 2040 2355 2196 2399; x_wconf 85' lang='grc' dir='ltr'>πλεῖστα,</span> <span class='ocrx_word' id='word_1_693' title='bbox 2209 2357 2252 2395; x_wconf 84' lang='grc' dir='ltr'>ὡς</span> <span class='ocrx_word' id='word_1_694' title='bbox 2263 2356 2293 2390; x_wconf 81' lang='grc' dir='ltr'>οἱ</span> <span class='ocrx_word' id='word_1_695' title='bbox 2307 2354 2380 2405; x_wconf 81' lang='grc' dir='ltr'>περὶ</span> <span class='ocrx_word' id='word_1_696' title='bbox 2391 2358 2497 2390; x_wconf 81' lang='grc' dir='ltr'>ταῦτα</span> <span class='ocrx_word' id='word_1_697' title='bbox 2510 2356 2572 2391; x_wconf 85' lang='grc' dir='ltr'>δει-</span> 
     </span>
     <span class='ocr_line' id='line_1_92' title="bbox 1611 2407 1865 2457; baseline 0.008 -15"><span class='ocrx_word' id='word_1_698' title='bbox 1611 2407 1660 2443; x_wconf 75' lang='grc' dir='ltr'>νοὶ</span> <span class='ocrx_word' id='word_1_699' title='bbox 1677 2407 1865 2457; x_wconf 77' lang='grc' dir='ltr'>λέγουσιν.]</span> 
     </span>
    </p>

    <p class='ocr_par' dir='ltr' id='par_1_30' title="bbox 1612 2460 2574 2619">
     <span class='ocr_line' id='line_1_93' title="bbox 1660 2460 2571 2511; baseline 0.001 -14"><span class='ocrx_word' id='word_1_700' title='bbox 1660 2473 1705 2498; x_wconf 69' lang='grc' dir='ltr'>οι.</span> <span class='ocrx_word' id='word_1_701' title='bbox 1736 2460 1830 2511; x_wconf 76' lang='grc' dir='ltr'>ἑτέρᾳ</span> <span class='ocrx_word' id='word_1_702' title='bbox 1848 2461 1961 2511; x_wconf 82' lang='grc' dir='ltr'>φράσω</span> <span class='ocrx_word' id='word_1_703' title='bbox 1988 2474 1997 2498; x_wconf 92' lang='lat'>:</span> <span class='ocrx_word' id='word_1_704' title='bbox 2021 2460 2174 2498; x_wconf 80' lang='grc' dir='ltr'>Διδάσκω</span> <span class='ocrx_word' id='word_1_705' title='bbox 2200 2462 2273 2503; x_wconf 78' lang='grc' dir='ltr'>οἵως</span> <span class='ocrx_word' id='word_1_706' title='bbox 2292 2463 2372 2511; x_wconf 71' lang='grc' dir='ltr'>ἐρῶ,</span> <span class='ocrx_word' id='word_1_707' title='bbox 2399 2462 2571 2499; x_wconf 72' lang='grc' dir='ltr'>ὓποὸαλών</span> 
     </span>
     <span class='ocr_line' id='line_1_94' title="bbox 1612 2514 2574 2565; baseline 0.002 -14"><span class='ocrx_word' id='word_1_708' title='bbox 1612 2529 1663 2551; x_wconf 89' lang='grc' dir='ltr'>σοι</span> <span class='ocrx_word' id='word_1_709' title='bbox 1680 2516 1735 2551; x_wconf 82' lang='grc' dir='ltr'>τὸν</span> <span class='ocrx_word' id='word_1_710' title='bbox 1754 2514 1857 2565; x_wconf 85' lang='grc' dir='ltr'>ἔρωτα</span> <span class='ocrx_word' id='word_1_711' title='bbox 1876 2519 1934 2551; x_wconf 81' lang='grc' dir='ltr'>τοῦ</span> <span class='ocrx_word' id='word_1_712' title='bbox 1953 2514 2071 2558; x_wconf 83' lang='grc' dir='ltr'>ἔτνους.</span> <span class='ocrx_word' id='word_1_713' title='bbox 2147 2515 2219 2551; x_wconf 76' lang='grc' dir='ltr'>ἀντὶ</span> <span class='ocrx_word' id='word_1_714' title='bbox 2234 2519 2290 2552; x_wconf 72' lang='grc' dir='ltr'>τοῦ</span> <span class='ocrx_word' id='word_1_715' title='bbox 2310 2515 2400 2565; x_wconf 80' lang='grc' dir='ltr'>ἄλλῳ</span> <span class='ocrx_word' id='word_1_716' title='bbox 2414 2516 2477 2552; x_wconf 64' lang='grc' dir='ltr'>τινὶ</span> <span class='ocrx_word' id='word_1_717' title='bbox 2498 2519 2574 2553; x_wconf 79' lang='grc' dir='ltr'>ὕπο-</span> 
     </span>
     <span class='ocr_line' id='line_1_95' title="bbox 1613 2563 2573 2619; baseline 0.001 -14"><span class='ocrx_word' id='word_1_718' title='bbox 1613 2568 1777 2618; x_wconf 89' lang='grc' dir='ltr'>δείγματι,</span> <span class='ocrx_word' id='word_1_719' title='bbox 1799 2563 1864 2605; x_wconf 75' lang='grc' dir='ltr'>οἷον</span> <span class='ocrx_word' id='word_1_720' title='bbox 1879 2569 1969 2619; x_wconf 83' lang='grc' dir='ltr'>ἄλλῳ</span> <span class='ocrx_word' id='word_1_721' title='bbox 1989 2569 2107 2619; x_wconf 88' lang='grc' dir='ltr'>τρόπῳ.</span> <span class='ocrx_word' id='word_1_722' title='bbox 2130 2569 2198 2606; x_wconf 71' lang='grc' dir='ltr'>ἵστι</span> <span class='ocrx_word' id='word_1_723' title='bbox 2221 2568 2254 2605; x_wconf 85' lang='grc' dir='ltr'>δὲ</span> <span class='ocrx_word' id='word_1_724' title='bbox 2275 2569 2312 2605; x_wconf 87' lang='grc' dir='ltr'>τὸ</span> <span class='ocrx_word' id='word_1_725' title='bbox 2329 2571 2516 2619; x_wconf 81' lang='grc' dir='ltr'>ἡμιστίχιον</span> <span class='ocrx_word' id='word_1_726' title='bbox 2541 2570 2573 2613; x_wconf 79' lang='grc' dir='ltr'>ἐξ</span> 
     </span>
    </p>
   </div>
   <div class='ocr_carea' id='block_1_13' title="bbox 555 2622 2002 2714">
    <p class='ocr_par' dir='ltr' id='par_1_31' title="bbox 555 2622 2002 2714">
     <span class='ocr_line' id='line_1_96' title="bbox 1586 2622 2002 2673; baseline -0.005 -11"><span class='ocrx_word' id='word_1_727' title='bbox 1586 2647 1587 2662; x_wconf 57' lang='grc' dir='ltr'>ι</span> <span class='ocrx_word' id='word_1_728' title='bbox 1613 2622 1797 2673; x_wconf 60' lang='grc' dir='ltr'>’Υψιπύλης</span> <span class='ocrx_word' id='word_1_729' title='bbox 1815 2623 2002 2673; x_wconf 80' lang='grc' dir='ltr'>Εὐριπίδου.</span> 
     </span>
     <span class='ocr_line' id='line_1_97' title="bbox 555 2664 1587 2714; baseline -0.008 -7"><span class='ocrx_word' id='word_1_730' title='bbox 555 2686 590 2711; x_wconf 75' lang='lat'>⁴⁰</span> <span class='ocrx_word' id='word_1_731' title='bbox 654 2681 698 2706; x_wconf 75' lang='grc'>49.</span> <span class='ocrx_word' id='word_1_732' title='bbox 724 2665 946 2714; x_wconf 83' lang='grc' dir='ltr'>κατεδύσαμεν</span> <span class='ocrx_word' id='word_1_733' title='bbox 969 2678 978 2702; x_wconf 89' lang='lat'>:</span> <span class='ocrx_word' id='word_1_734' title='bbox 1002 2664 1221 2712; x_wconf 77' lang='grc' dir='ltr'>Ἐὅυθίσαμεν</span> <span class='ocrx_word' id='word_1_735' title='bbox 1239 2665 1283 2706; x_wconf 77' lang='grc' dir='ltr'>εἷς</span> <span class='ocrx_word' id='word_1_736' title='bbox 1300 2664 1360 2709; x_wconf 75' lang='grc' dir='ltr'>τὴν</span> <span class='ocrx_word' id='word_1_737' title='bbox 1381 2664 1558 2701; x_wconf 87' lang='grc' dir='ltr'>θάλασσαν.</span> <span class='ocrx_word' id='word_1_738' title='bbox 1585 2665 1587 2676; x_wconf 72' lang='lat'><strong><em>⁴</em></strong></span> 
     </span>
    </p>
   </div>
   <div class='ocr_carea' id='block_1_14' title="bbox 1610 2676 2588 3425">
    <p class='ocr_par' dir='ltr' id='par_1_32' title="bbox 1610 2676 2588 3425">
     <span class='ocr_line' id='line_1_98' title="bbox 1660 2676 2574 2726; baseline -0.001 -12"><span class='ocrx_word' id='word_1_739' title='bbox 1660 2689 1702 2714; x_wconf 72' lang='lat'>⁶7.</span> <span class='ocrx_word' id='word_1_740' title='bbox 1730 2677 1913 2724; x_wconf 76' lang='grc' dir='ltr'>(καὶταῦτα</span> <span class='ocrx_word' id='word_1_741' title='bbox 1926 2680 1982 2713; x_wconf 76' lang='grc' dir='ltr'>τοῦ</span> <span class='ocrx_word' id='word_1_742' title='bbox 1999 2676 2187 2721; x_wconf 88' lang='grc' dir='ltr'>τεθνηκότος</span> <span class='ocrx_word' id='word_1_743' title='bbox 2206 2689 2215 2714; x_wconf 84' lang='lat'>:</span> <span class='ocrx_word' id='word_1_744' title='bbox 2234 2678 2327 2718; x_wconf 77' lang='grc' dir='ltr'>Τινὲς</span> <span class='ocrx_word' id='word_1_745' title='bbox 2347 2677 2518 2726; x_wconf 87' lang='grc' dir='ltr'>βούλονται</span> <span class='ocrx_word' id='word_1_746' title='bbox 2540 2676 2574 2713; x_wconf 83' lang='grc' dir='ltr'>ἓν</span> 
     </span>
     <span class='ocr_line' id='line_1_99' title="bbox 1610 2729 2573 2781; baseline 0.001 -15"><span class='ocrx_word' id='word_1_747' title='bbox 1610 2730 1782 2781; x_wconf 84' lang='grc' dir='ltr'>πρόσωπον</span> <span class='ocrx_word' id='word_1_748' title='bbox 1791 2730 1894 2779; x_wconf 87' lang='grc' dir='ltr'>λέγειν</span> <span class='ocrx_word' id='word_1_749' title='bbox 1906 2730 1991 2767; x_wconf 75' lang='grc' dir='ltr'>ὅλον.</span> <span class='ocrx_word' id='word_1_750' title='bbox 2009 2729 2090 2772; x_wconf 80' lang='grc' dir='ltr'>τινὲς</span> <span class='ocrx_word' id='word_1_751' title='bbox 2104 2731 2137 2767; x_wconf 88' lang='grc' dir='ltr'>δὲ</span> <span class='ocrx_word' id='word_1_752' title='bbox 2155 2731 2325 2780; x_wconf 81' lang='grc' dir='ltr'>διορίζουσι</span> <span class='ocrx_word' id='word_1_753' title='bbox 2334 2730 2371 2767; x_wconf 82' lang='grc' dir='ltr'>τὸ</span> <span class='ocrx_word' id='word_1_754' title='bbox 2385 2734 2442 2767; x_wconf 77' lang='grc' dir='ltr'>τοῦ</span> <span class='ocrx_word' id='word_1_755' title='bbox 2457 2735 2573 2776; x_wconf 76' lang='grc' dir='ltr'>τεθνη-</span> 
     </span>
     <span class='ocr_line' id='line_1_100' title="bbox 1611 2784 2574 2835; baseline 0.001 -15"><span class='ocrx_word' id='word_1_756' title='bbox 1611 2785 1718 2826; x_wconf 83' lang='grc' dir='ltr'>κότος·</span> <span class='ocrx_word' id='word_1_757' title='bbox 1729 2787 1773 2826; x_wconf 85' lang='grc' dir='ltr'>ὡς</span> <span class='ocrx_word' id='word_1_758' title='bbox 1790 2788 1846 2821; x_wconf 82' lang='grc' dir='ltr'>τοῦ</span> <span class='ocrx_word' id='word_1_759' title='bbox 1863 2785 2062 2835; x_wconf 84' lang='grc' dir='ltr'>Ἡρακλέους</span> <span class='ocrx_word' id='word_1_760' title='bbox 2076 2785 2224 2833; x_wconf 82' lang='grc' dir='ltr'>λέγοντος</span> <span class='ocrx_word' id='word_1_761' title='bbox 2233 2785 2323 2822; x_wconf 76' lang='grc' dir='ltr'>αὐτό.</span> <span class='ocrx_word' id='word_1_762' title='bbox 2341 2784 2426 2822; x_wconf 77' lang='grc' dir='ltr'>οὕτω</span> <span class='ocrx_word' id='word_1_763' title='bbox 2436 2784 2500 2835; x_wconf 74' lang='grc' dir='ltr'>γὰρ</span> <span class='ocrx_word' id='word_1_764' title='bbox 2517 2785 2574 2822; x_wconf 77' lang='grc' dir='ltr'>καὶ</span> 
     </span>
     <span class='ocr_line' id='line_1_101' title="bbox 1613 2838 2573 2889; baseline 0.001 -15"><span class='ocrx_word' id='word_1_765' title='bbox 1613 2840 1646 2874; x_wconf 81' lang='grc' dir='ltr'>αἱ</span> <span class='ocrx_word' id='word_1_766' title='bbox 1664 2838 1869 2874; x_wconf 87' lang='grc' dir='ltr'>διδασκαλίαι</span> <span class='ocrx_word' id='word_1_767' title='bbox 1886 2839 2034 2889; x_wconf 87' lang='grc' dir='ltr'>φέρουσι,</span> <span class='ocrx_word' id='word_1_768' title='bbox 2052 2839 2304 2883; x_wconf 77' lang='grc' dir='ltr'>τελευτήσαντος</span> <span class='ocrx_word' id='word_1_769' title='bbox 2326 2839 2504 2889; x_wconf 81' lang='grc' dir='ltr'>Εὐριπίδου</span> <span class='ocrx_word' id='word_1_770' title='bbox 2518 2838 2573 2875; x_wconf 78' lang='grc' dir='ltr'>τὸν</span> 
     </span>
     <span class='ocr_line' id='line_1_102' title="bbox 1611 2887 2588 2944; baseline 0.001 -16"><span class='ocrx_word' id='word_1_771' title='bbox 1611 2887 1679 2929; x_wconf 77' lang='grc' dir='ltr'>υἱὸν</span> <span class='ocrx_word' id='word_1_772' title='bbox 1697 2894 1794 2929; x_wconf 75' lang='grc' dir='ltr'>αὐτοῦ</span> <span class='ocrx_word' id='word_1_773' title='bbox 1810 2893 2012 2942; x_wconf 82' lang='grc' dir='ltr'>δεδιδαχέναι</span> <span class='ocrx_word' id='word_1_774' title='bbox 2029 2892 2200 2941; x_wconf 83' lang='grc' dir='ltr'>ὁμώνυμον</span> <span class='ocrx_word' id='word_1_775' title='bbox 2220 2894 2252 2929; x_wconf 83' lang='grc' dir='ltr'>ἐν</span> <span class='ocrx_word' id='word_1_776' title='bbox 2271 2892 2363 2929; x_wconf 78' lang='grc' dir='ltr'>ἄστει</span> <span class='ocrx_word' id='word_1_777' title='bbox 2380 2892 2571 2944; x_wconf 82' lang='grc' dir='ltr'>Ἰφιγένειαν</span> <span class='ocrx_word' id='word_1_778' title='bbox 2587 2922 2588 2925; x_wconf 25' lang='lat'>¹</span> 
     </span>
     <span class='ocr_line' id='line_1_103' title="bbox 1610 2946 2285 2996; baseline 0.001 -13"><span class='ocrx_word' id='word_1_779' title='bbox 1610 2946 1669 2991; x_wconf 79' lang='grc' dir='ltr'>τὴν</span> <span class='ocrx_word' id='word_1_780' title='bbox 1684 2947 1716 2983; x_wconf 76' lang='grc' dir='ltr'>ἐν</span> <span class='ocrx_word' id='word_1_781' title='bbox 1736 2946 1870 2994; x_wconf 77' lang='grc' dir='ltr'>Αὐλίδι,</span> <span class='ocrx_word' id='word_1_782' title='bbox 1890 2947 2111 2995; x_wconf 82' lang='grc' dir='ltr'>Ἀλκμαίωνα,</span> <span class='ocrx_word' id='word_1_783' title='bbox 2126 2946 2285 2996; x_wconf 85' lang='grc' dir='ltr'>Βάκχας.)</span> 
     </span>
     <span class='ocr_line' id='line_1_104' title="bbox 1660 2999 2402 3051; baseline -0.001 -12"><span class='ocrx_word' id='word_1_784' title='bbox 1660 3014 1704 3039; x_wconf 86' lang='lat'>71.</span> <span class='ocrx_word' id='word_1_785' title='bbox 1732 3003 1828 3037; x_wconf 80' lang='grc' dir='ltr'>αὐτοῦ</span> <span class='ocrx_word' id='word_1_786' title='bbox 1846 3001 1909 3051; x_wconf 79' lang='grc' dir='ltr'>γὰρ</span> <span class='ocrx_word' id='word_1_787' title='bbox 1924 3006 1980 3038; x_wconf 80' lang='grc' dir='ltr'>τοῦ</span> <span class='ocrx_word' id='word_1_788' title='bbox 1996 3001 2149 3038; x_wconf 87' lang='grc' dir='ltr'>Διονύσου</span> <span class='ocrx_word' id='word_1_789' title='bbox 2168 3001 2254 3038; x_wconf 78' lang='grc' dir='ltr'>ἐστὶν</span> <span class='ocrx_word' id='word_1_790' title='bbox 2270 3003 2287 3037; x_wconf 84' lang='grc' dir='ltr'>ὁ</span> <span class='ocrx_word' id='word_1_791' title='bbox 2302 2999 2402 3049; x_wconf 83' lang='grc' dir='ltr'>ἀγών.</span> 
     </span>
     <span class='ocr_line' id='line_1_105' title="bbox 1659 3053 2557 3106; baseline -0.002 -13"><span class='ocrx_word' id='word_1_792' title='bbox 1659 3067 1703 3093; x_wconf 75' lang='lat'>⁷2.</span> <span class='ocrx_word' id='word_1_793' title='bbox 1730 3056 1771 3103; x_wconf 79' lang='grc' dir='ltr'>(οἱ</span> <span class='ocrx_word' id='word_1_794' title='bbox 1792 3054 1850 3103; x_wconf 87' lang='grc' dir='ltr'>μὲν</span> <span class='ocrx_word' id='word_1_795' title='bbox 1859 3055 1923 3106; x_wconf 80' lang='grc' dir='ltr'>γὰρ</span> <span class='ocrx_word' id='word_1_796' title='bbox 1940 3057 1997 3092; x_wconf 79' lang='grc' dir='ltr'>οὐκ</span> <span class='ocrx_word' id='word_1_797' title='bbox 2012 3055 2056 3092; x_wconf 80' lang='grc' dir='ltr'>ἔτ’</span> <span class='ocrx_word' id='word_1_798' title='bbox 2072 3055 2150 3091; x_wconf 79' lang='grc' dir='ltr'>εἰσὶν</span> <span class='ocrx_word' id='word_1_799' title='bbox 2167 3067 2175 3092; x_wconf 88' lang='lat'>:</span> <span class='ocrx_word' id='word_1_800' title='bbox 2194 3053 2368 3105; x_wconf 80' lang='grc' dir='ltr'>Εὐριπίδου</span> <span class='ocrx_word' id='word_1_801' title='bbox 2384 3054 2417 3097; x_wconf 74' lang='grc' dir='ltr'>ἐξ</span> <span class='ocrx_word' id='word_1_802' title='bbox 2434 3055 2557 3097; x_wconf 83' lang='grc' dir='ltr'>Οἰνέως</span> 
     </span>
     <span class='ocr_line' id='line_1_106' title="bbox 1724 3117 2332 3160; baseline -0.002 -10"><span class='ocrx_word' id='word_1_803' title='bbox 1724 3119 1761 3150; x_wconf 84' lang='grc' dir='ltr'>σὺ</span> <span class='ocrx_word' id='word_1_804' title='bbox 1772 3120 1797 3150; x_wconf 81' lang='grc' dir='ltr'>δ’</span> <span class='ocrx_word' id='word_1_805' title='bbox 1809 3120 1859 3150; x_wconf 84' lang='grc' dir='ltr'>ὧδ’</span> <span class='ocrx_word' id='word_1_806' title='bbox 1873 3120 1975 3160; x_wconf 58' lang='lat' dir='ltr'>{pv-1120&lt;</span> <span class='ocrx_word' id='word_1_807' title='bbox 1989 3117 2144 3159; x_wconf 77' lang='grc' dir='ltr'>ξυμμάχων</span> <span class='ocrx_word' id='word_1_808' title='bbox 2157 3119 2316 3150; x_wconf 80' lang='grc' dir='ltr'>ἀπόλλυσαι</span> <span class='ocrx_word' id='word_1_809' title='bbox 2325 3129 2332 3137; x_wconf 90' lang='grc'><em>·</em></span> 
     </span>
     <span class='ocr_line' id='line_1_107' title="bbox 1725 3161 2380 3202; baseline -0.003 -9"><span class='ocrx_word' id='word_1_810' title='bbox 1725 3165 1752 3193; x_wconf 74' lang='lat' dir='ltr'>ot</span> <span class='ocrx_word' id='word_1_811' title='bbox 1766 3163 1816 3202; x_wconf 74' lang='grc' dir='ltr'>μὲν</span> <span class='ocrx_word' id='word_1_812' title='bbox 1824 3163 1880 3202; x_wconf 85' lang='grc' dir='ltr'>γὰρ</span> <span class='ocrx_word' id='word_1_813' title='bbox 1892 3164 1946 3193; x_wconf 83' lang='grc' dir='ltr'>οὐκ</span> <span class='ocrx_word' id='word_1_814' title='bbox 1955 3163 1993 3193; x_wconf 76' lang='grc' dir='ltr'>ἔτ’</span> <span class='ocrx_word' id='word_1_815' title='bbox 2006 3164 2089 3199; x_wconf 75' lang='grc' dir='ltr'>εἰσὶν,</span> <span class='ocrx_word' id='word_1_816' title='bbox 2105 3164 2131 3192; x_wconf 76' lang='grc' dir='ltr'>οἰ</span> <span class='ocrx_word' id='word_1_817' title='bbox 2139 3163 2164 3192; x_wconf 83' lang='grc' dir='ltr'>δ’</span> <span class='ocrx_word' id='word_1_818' title='bbox 2180 3162 2257 3197; x_wconf 81' lang='grc' dir='ltr'>ὄντες</span> <span class='ocrx_word' id='word_1_819' title='bbox 2268 3161 2380 3200; x_wconf 77' lang='grc' dir='ltr'>κακοὶ.)</span> 
     </span>
     <span class='ocr_line' id='line_1_108' title="bbox 1660 3214 2570 3265; baseline 0.001 -14"><span class='ocrx_word' id='word_1_820' title='bbox 1660 3227 1705 3252; x_wconf 76' lang='lat'>7³.</span> <span class='ocrx_word' id='word_1_821' title='bbox 1736 3216 1781 3264; x_wconf 89' lang='grc' dir='ltr'>(τί</span> <span class='ocrx_word' id='word_1_822' title='bbox 1800 3215 1828 3251; x_wconf 86' lang='grc' dir='ltr'>δ’</span> <span class='ocrx_word' id='word_1_823' title='bbox 1844 3217 1901 3251; x_wconf 83' lang='grc' dir='ltr'>οὐκ</span> <span class='ocrx_word' id='word_1_824' title='bbox 1922 3215 2033 3265; x_wconf 81' lang='grc' dir='ltr'>Ἰοφῶν</span> <span class='ocrx_word' id='word_1_825' title='bbox 2055 3228 2063 3253; x_wconf 88' lang='grc'>;</span> <span class='ocrx_word' id='word_1_826' title='bbox 2087 3215 2162 3256; x_wconf 80' lang='grc' dir='ltr'>Υἱὸς</span> <span class='ocrx_word' id='word_1_827' title='bbox 2179 3214 2379 3265; x_wconf 86' lang='grc' dir='ltr'>Σοφοκλέους</span> <span class='ocrx_word' id='word_1_828' title='bbox 2401 3218 2418 3251; x_wconf 82' lang='grc' dir='ltr'>ὁ</span> <span class='ocrx_word' id='word_1_829' title='bbox 2442 3215 2570 3265; x_wconf 82' lang='grc' dir='ltr'>Ἰοφῶν.</span> 
     </span>
     <span class='ocr_line' id='line_1_109' title="bbox 1612 3268 2574 3319; baseline 0.001 -15"><span class='ocrx_word' id='word_1_830' title='bbox 1612 3268 1796 3317; x_wconf 75' lang='grc' dir='ltr'>ἠγωνίσατο</span> <span class='ocrx_word' id='word_1_831' title='bbox 1825 3268 1856 3304; x_wconf 80' lang='grc' dir='ltr'>δὲ</span> <span class='ocrx_word' id='word_1_832' title='bbox 1882 3269 1937 3305; x_wconf 81' lang='grc' dir='ltr'>καὶ</span> <span class='ocrx_word' id='word_1_833' title='bbox 1967 3269 2094 3313; x_wconf 82' lang='grc' dir='ltr'>ἐνίκησε</span> <span class='ocrx_word' id='word_1_834' title='bbox 2114 3271 2272 3319; x_wconf 84' lang='grc' dir='ltr'>λαμπρῶς</span> <span class='ocrx_word' id='word_1_835' title='bbox 2300 3268 2347 3303; x_wconf 83' lang='grc' dir='ltr'>ἔτι</span> <span class='ocrx_word' id='word_1_836' title='bbox 2375 3271 2491 3311; x_wconf 85' lang='grc' dir='ltr'>ζῶντος</span> <span class='ocrx_word' id='word_1_837' title='bbox 2515 3273 2574 3305; x_wconf 76' lang='grc' dir='ltr'>τοῦ</span> 
     </span>
     <span class='ocr_line' id='line_1_110' title="bbox 1613 3321 2574 3372; baseline -0.001 -15"><span class='ocrx_word' id='word_1_838' title='bbox 1613 3321 1733 3372; x_wconf 70' lang='grc' dir='ltr'>πατρὸς</span> <span class='ocrx_word' id='word_1_839' title='bbox 1751 3323 1861 3358; x_wconf 78' lang='grc' dir='ltr'>αὐτοῦ.</span> <span class='ocrx_word' id='word_1_840' title='bbox 1882 3322 1931 3358; x_wconf 79' lang='grc' dir='ltr'>διὸ</span> <span class='ocrx_word' id='word_1_841' title='bbox 1946 3322 2143 3372; x_wconf 64' lang='grc' dir='ltr'>ἀμφιῧάλλει</span> <span class='ocrx_word' id='word_1_842' title='bbox 2159 3323 2284 3369; x_wconf 71' lang='grc' dir='ltr'>μήποτε</span> <span class='ocrx_word' id='word_1_843' title='bbox 2301 3324 2357 3357; x_wconf 74' lang='grc' dir='ltr'>τοῦ</span> <span class='ocrx_word' id='word_1_844' title='bbox 2373 3321 2574 3371; x_wconf 78' lang='grc' dir='ltr'>Σοφοκλέους</span> 
     </span>
     <span class='ocr_line' id='line_1_111' title="bbox 1612 3375 2038 3425; baseline 0.002 -14"><span class='ocrx_word' id='word_1_845' title='bbox 1612 3376 1662 3420; x_wconf 76' lang='grc' dir='ltr'>εἴη</span> <span class='ocrx_word' id='word_1_846' title='bbox 1680 3375 1814 3425; x_wconf 82' lang='grc' dir='ltr'>εἰρηκὼς</span> <span class='ocrx_word' id='word_1_847' title='bbox 1827 3376 2038 3425; x_wconf 79' lang='grc' dir='ltr'>τραγῳδίαν.)</span> 
     </span>
    </p>
   </div>
  </div>
 </body>
</html>
