<?xml version="1.0" encoding="UTF-8"?>
<!DOCTYPE html PUBLIC "-//W3C//DTD XHTML 1.0 Transitional//EN"
    "http://www.w3.org/TR/xhtml1/DTD/xhtml1-transitional.dtd">
<html xmlns="http://www.w3.org/1999/xhtml" xml:lang="en" lang="en">
 <head>
  <title>
</title>
<meta http-equiv="Content-Type" content="text/html;charset=utf-8" />
  <meta name='ocr-system' content='tesseract 3.04.00' />
  <meta name='ocr-capabilities' content='ocr_page ocr_carea ocr_par ocr_line ocrx_word'/>
</head>
<body>
  <div class='ocr_page' id='page_1' title='image "./scholiagraecain00dbgoog_0586.png"; bbox 0 0 2931 4012; ppageno 0'>
   <div class='ocr_carea' id='block_1_1' title="bbox 613 408 685 444">
    <p class='ocr_par' dir='ltr' id='par_1_1' title="bbox 613 408 685 444">
     <span class='ocr_line' id='line_1_1' title="bbox 613 408 685 444; baseline -0.014 -1"><span class='ocrx_word' id='word_1_1' title='bbox 613 408 685 444; x_wconf 75' lang='lat'>6¹⁴</span> 
     </span>
    </p>
   </div>
   <div class='ocr_carea' id='block_1_2' title="bbox 559 484 1547 3400">
    <p class='ocr_par' dir='ltr' id='par_1_2' title="bbox 610 484 1546 577">
     <span class='ocr_line' id='line_1_2' title="bbox 612 484 1546 537; baseline -0.001 -15"><span class='ocrx_word' id='word_1_2' title='bbox 612 484 720 537; x_wconf 68' lang='grc' dir='ltr'>ἔτερόν</span> <span class='ocrx_word' id='word_1_3' title='bbox 734 499 766 522; x_wconf 83' lang='grc' dir='ltr'>τι</span> <span class='ocrx_word' id='word_1_4' title='bbox 788 485 941 535; x_wconf 77' lang='grc' dir='ltr'>αἰσχρὸν,</span> <span class='ocrx_word' id='word_1_5' title='bbox 959 485 1229 526; x_wconf 80' lang='grc' dir='ltr'>ἀποσκώπτοντος</span> <span class='ocrx_word' id='word_1_6' title='bbox 1244 488 1300 521; x_wconf 77' lang='grc' dir='ltr'>τοῦ</span> <span class='ocrx_word' id='word_1_7' title='bbox 1316 488 1451 528; x_wconf 75' lang='grc' dir='ltr'>ποιητοῦ</span> <span class='ocrx_word' id='word_1_8' title='bbox 1475 484 1546 521; x_wconf 83' lang='grc' dir='ltr'>τού-</span> 
     </span>
     <span class='ocr_line' id='line_1_3' title="bbox 610 539 800 577; baseline 0 0"><span class='ocrx_word' id='word_1_9' title='bbox 610 554 667 577; x_wconf 82' lang='grc' dir='ltr'>του</span> <span class='ocrx_word' id='word_1_10' title='bbox 682 539 800 577; x_wconf 72' lang='grc' dir='ltr'>ἕνεκεν.</span> 
     </span>
    </p>

    <p class='ocr_par' dir='ltr' id='par_1_3' title="bbox 662 593 1262 643">
     <span class='ocr_line' id='line_1_4' title="bbox 662 593 1262 643; baseline -0.002 -12"><span class='ocrx_word' id='word_1_11' title='bbox 662 595 706 631; x_wconf 81' lang='lat'>25</span> <span class='ocrx_word' id='word_1_12' title='bbox 728 595 813 633; x_wconf 81' lang='grc' dir='ltr'>Ἀντὶ</span> <span class='ocrx_word' id='word_1_13' title='bbox 827 598 884 631; x_wconf 76' lang='grc' dir='ltr'>τοῦ</span> <span class='ocrx_word' id='word_1_14' title='bbox 901 607 973 630; x_wconf 86' lang='grc'><strong>0111.</strong></span> <span class='ocrx_word' id='word_1_15' title='bbox 994 598 1037 631; x_wconf 93' lang='lat' dir='ltr'>R.</span> <span class='ocrx_word' id='word_1_16' title='bbox 1058 593 1199 643; x_wconf 82' lang='grc' dir='ltr'>βαστάζῃ</span> <span class='ocrx_word' id='word_1_17' title='bbox 1217 597 1262 631; x_wconf 90' lang='lat' dir='ltr'>V.</span> 
     </span>
    </p>

    <p class='ocr_par' dir='ltr' id='par_1_4' title="bbox 663 648 1016 696">
     <span class='ocr_line' id='line_1_5' title="bbox 663 648 1016 696; baseline 0.003 -12"><span class='ocrx_word' id='word_1_18' title='bbox 663 651 720 695; x_wconf 79' lang='lat'>28,</span> <span class='ocrx_word' id='word_1_19' title='bbox 741 651 785 684; x_wconf 79' lang='lat'>28</span> <span class='ocrx_word' id='word_1_20' title='bbox 802 648 839 685; x_wconf 80' lang='grc' dir='ltr'>τὸ</span> <span class='ocrx_word' id='word_1_21' title='bbox 855 648 900 696; x_wconf 87' lang='grc' dir='ltr'>μὰ</span> <span class='ocrx_word' id='word_1_22' title='bbox 914 652 954 685; x_wconf 88' lang='lat' dir='ltr'>V.</span> <span class='ocrx_word' id='word_1_23' title='bbox 972 649 1016 685; x_wconf 84' lang='grc' dir='ltr'>Θ.</span> 
     </span>
    </p>

    <p class='ocr_par' dir='ltr' id='par_1_5' title="bbox 611 701 1544 806">
     <span class='ocr_line' id='line_1_6' title="bbox 660 701 1544 752; baseline -0.003 -13"><span class='ocrx_word' id='word_1_24' title='bbox 660 705 716 747; x_wconf 62' lang='grc'>33,</span> <span class='ocrx_word' id='word_1_25' title='bbox 737 704 776 738; x_wconf 89' lang='grc'>31</span> <span class='ocrx_word' id='word_1_26' title='bbox 798 717 849 751; x_wconf 90' lang='lat' dir='ltr'>sq.</span> <span class='ocrx_word' id='word_1_27' title='bbox 866 701 1074 739; x_wconf 80' lang='grc' dir='ltr'>Ἀντὶ-κατά</span> <span class='ocrx_word' id='word_1_28' title='bbox 1089 717 1120 738; x_wconf 92' lang='grc' dir='ltr'>τι</span> <span class='ocrx_word' id='word_1_29' title='bbox 1136 701 1249 752; x_wconf 89' lang='grc' dir='ltr'>μέρος,</span> <span class='ocrx_word' id='word_1_30' title='bbox 1264 701 1286 746; x_wconf 78' lang='grc' dir='ltr'>ἢ</span> <span class='ocrx_word' id='word_1_31' title='bbox 1304 714 1375 739; x_wconf 83' lang='grc'><strong>0111.</strong></span> <span class='ocrx_word' id='word_1_32' title='bbox 1396 704 1435 737; x_wconf 86' lang='lat' dir='ltr'>V.</span> <span class='ocrx_word' id='word_1_33' title='bbox 1448 725 1486 732; x_wconf 92' lang='lat'><em>-</em></span> <span class='ocrx_word' id='word_1_34' title='bbox 1501 704 1544 737; x_wconf 82' lang='lat'>32</span> 
     </span>
     <span class='ocr_line' id='line_1_7' title="bbox 611 757 1090 806; baseline -0.004 -12"><span class='ocrx_word' id='word_1_35' title='bbox 611 757 783 806; x_wconf 77' lang='grc' dir='ltr'>βάσταξον.</span> <span class='ocrx_word' id='word_1_36' title='bbox 801 762 845 795; x_wconf 81' lang='lat' dir='ltr'>V.</span> <span class='ocrx_word' id='word_1_37' title='bbox 869 758 1037 805; x_wconf 76' lang='grc' dir='ltr'>βαστάζων</span> <span class='ocrx_word' id='word_1_38' title='bbox 1059 760 1090 792; x_wconf 92' lang='lat' dir='ltr'><strong>G</strong></span> 
     </span>
    </p>

    <p class='ocr_par' dir='ltr' id='par_1_6' title="bbox 606 810 1547 1292">
     <span class='ocr_line' id='line_1_8' title="bbox 661 810 1546 860; baseline -0.001 -13"><span class='ocrx_word' id='word_1_39' title='bbox 661 813 718 855; x_wconf 90' lang='grc'>33,</span> <span class='ocrx_word' id='word_1_40' title='bbox 735 813 779 847; x_wconf 85' lang='grc'>35</span> <span class='ocrx_word' id='word_1_41' title='bbox 798 811 993 860; x_wconf 82' lang='grc' dir='ltr'>Ἀντιγένους</span> <span class='ocrx_word' id='word_1_42' title='bbox 1011 811 1156 847; x_wconf 82' lang='lat' dir='ltr'><strong>Petitus.</strong></span> <span class='ocrx_word' id='word_1_43' title='bbox 1173 811 1330 847; x_wconf 76' lang='grc' dir='ltr'>Ἀντινόου</span> <span class='ocrx_word' id='word_1_44' title='bbox 1342 814 1385 846; x_wconf 95' lang='lat' dir='ltr'>V.</span> <span class='ocrx_word' id='word_1_45' title='bbox 1402 810 1546 847; x_wconf 81' lang='grc' dir='ltr'>Ἀντίνου</span> 
     </span>
     <span class='ocr_line' id='line_1_9' title="bbox 610 863 1547 914; baseline -0.002 -13"><span class='ocrx_word' id='word_1_46' title='bbox 610 865 653 901; x_wconf 88' lang='grc' dir='ltr'>Θ.</span> <span class='ocrx_word' id='word_1_47' title='bbox 672 868 722 900; x_wconf 92' lang='grc' dir='ltr'>Μ.</span> <span class='ocrx_word' id='word_1_48' title='bbox 743 865 821 901; x_wconf 80' lang='lat' dir='ltr'><strong>Ald.</strong></span> <span class='ocrx_word' id='word_1_49' title='bbox 839 864 892 901; x_wconf 79' lang='grc' dir='ltr'>ὅτε</span> <span class='ocrx_word' id='word_1_50' title='bbox 911 864 985 914; x_wconf 81' lang='grc' dir='ltr'>περὶ</span> <span class='ocrx_word' id='word_1_51' title='bbox 1011 864 1088 901; x_wconf 82' lang='lat' dir='ltr'><strong>Ald.</strong></span> <span class='ocrx_word' id='word_1_52' title='bbox 1113 864 1164 900; x_wconf 69' lang='grc' dir='ltr'>ὅτε</span> <span class='ocrx_word' id='word_1_53' title='bbox 1186 877 1255 900; x_wconf 92' lang='lat' dir='ltr'><strong>om.</strong></span> <span class='ocrx_word' id='word_1_54' title='bbox 1278 868 1318 901; x_wconf 89' lang='lat' dir='ltr'>V.</span> <span class='ocrx_word' id='word_1_55' title='bbox 1345 863 1547 913; x_wconf 79' lang='grc' dir='ltr'>Ἀργινούσας</span> 
     </span>
     <span class='ocr_line' id='line_1_10' title="bbox 608 916 1543 966; baseline -0.002 -11"><span class='ocrx_word' id='word_1_56' title='bbox 608 919 735 955; x_wconf 74' lang='lat' dir='ltr'>suidas</span> <span class='ocrx_word' id='word_1_57' title='bbox 753 932 780 954; x_wconf 88' lang='lat' dir='ltr'>s.</span> <span class='ocrx_word' id='word_1_58' title='bbox 800 919 911 966; x_wconf 82' lang='grc' dir='ltr'>Οἴμοι.</span> <span class='ocrx_word' id='word_1_59' title='bbox 927 939 974 945; x_wconf 91' lang='lat'><em>-</em></span> <span class='ocrx_word' id='word_1_60' title='bbox 988 920 1033 954; x_wconf 84' lang='lat'>36</span> <span class='ocrx_word' id='word_1_61' title='bbox 1048 917 1159 954; x_wconf 73' lang='grc' dir='ltr'>ἐνίκων</span> <span class='ocrx_word' id='word_1_62' title='bbox 1180 916 1214 953; x_wconf 82' lang='grc' dir='ltr'>δὲ</span> <span class='ocrx_word' id='word_1_63' title='bbox 1240 922 1276 954; x_wconf 90' lang='lat' dir='ltr'>V.</span> <span class='ocrx_word' id='word_1_64' title='bbox 1303 917 1485 966; x_wconf 72' lang='grc' dir='ltr'>ναυμαχίαν</span> <span class='ocrx_word' id='word_1_65' title='bbox 1500 919 1543 954; x_wconf 84' lang='grc' dir='ltr'>Θ.</span> 
     </span>
     <span class='ocr_line' id='line_1_11' title="bbox 610 971 1545 1024; baseline -0.001 -15"><span class='ocrx_word' id='word_1_66' title='bbox 610 975 656 1008; x_wconf 88' lang='grc' dir='ltr'>Μ.</span> <span class='ocrx_word' id='word_1_67' title='bbox 669 973 843 1024; x_wconf 74' lang='grc' dir='ltr'>συμμαχίᾳ</span> <span class='ocrx_word' id='word_1_68' title='bbox 862 975 927 1009; x_wconf 82' lang='grc' dir='ltr'>τῶν</span> <span class='ocrx_word' id='word_1_69' title='bbox 951 972 1071 1009; x_wconf 86' lang='grc' dir='ltr'>δούλων</span> <span class='ocrx_word' id='word_1_70' title='bbox 1090 973 1230 1010; x_wconf 79' lang='lat' dir='ltr'><strong>Suidas.</strong></span> <span class='ocrx_word' id='word_1_71' title='bbox 1245 999 1293 1005; x_wconf 90' lang='grc'>-</span> <span class='ocrx_word' id='word_1_72' title='bbox 1308 974 1353 1007; x_wconf 86' lang='grc'>38</span> <span class='ocrx_word' id='word_1_73' title='bbox 1371 971 1458 1021; x_wconf 85' lang='grc' dir='ltr'>λέγει</span> <span class='ocrx_word' id='word_1_74' title='bbox 1476 985 1545 1008; x_wconf 84' lang='grc'><strong>0111.</strong></span> 
     </span>
     <span class='ocr_line' id='line_1_12' title="bbox 609 1026 1546 1077; baseline 0 -15"><span class='ocrx_word' id='word_1_75' title='bbox 609 1030 650 1062; x_wconf 91' lang='lat' dir='ltr'>V.</span> <span class='ocrx_word' id='word_1_76' title='bbox 667 1041 745 1077; x_wconf 77' lang='grc' dir='ltr'>φησι</span> <span class='ocrx_word' id='word_1_77' title='bbox 762 1040 838 1077; x_wconf 80' lang='grc' dir='ltr'>χαρ.</span> <span class='ocrx_word' id='word_1_78' title='bbox 856 1026 1340 1076; x_wconf 66' lang='grc' dir='ltr'>811ἰ(1α5.-39ἐναυμαχήκειν</span> <span class='ocrx_word' id='word_1_79' title='bbox 1358 1030 1399 1062; x_wconf 92' lang='lat' dir='ltr'>V.</span> <span class='ocrx_word' id='word_1_80' title='bbox 1413 1035 1448 1062; x_wconf 83' lang='lat' dir='ltr'>et</span> <span class='ocrx_word' id='word_1_81' title='bbox 1464 1027 1546 1062; x_wconf 85' lang='lat' dir='ltr'>Sui-</span> 
     </span>
     <span class='ocr_line' id='line_1_13' title="bbox 608 1080 1544 1130; baseline -0.002 -13"><span class='ocrx_word' id='word_1_82' title='bbox 608 1081 681 1117; x_wconf 78' lang='lat' dir='ltr'><strong>das.</strong></span> <span class='ocrx_word' id='word_1_83' title='bbox 702 1101 749 1109; x_wconf 93' lang='lat'>—-</span> <span class='ocrx_word' id='word_1_84' title='bbox 774 1087 818 1123; x_wconf 86' lang='grc' dir='ltr'>4ο</span> <span class='ocrx_word' id='word_1_85' title='bbox 840 1080 1046 1130; x_wconf 78' lang='grc' dir='ltr'>Ἀρχίννουσα</span> <span class='ocrx_word' id='word_1_86' title='bbox 1073 1084 1124 1118; x_wconf 88' lang='grc' dir='ltr'>Μ.</span> <span class='ocrx_word' id='word_1_87' title='bbox 1151 1084 1191 1116; x_wconf 90' lang='lat' dir='ltr'>In</span> <span class='ocrx_word' id='word_1_88' title='bbox 1213 1081 1338 1115; x_wconf 76' lang='lat' dir='ltr'><strong>codem</strong></span> <span class='ocrx_word' id='word_1_89' title='bbox 1365 1081 1409 1128; x_wconf 84' lang='lat' dir='ltr'><strong>gl.</strong></span> <span class='ocrx_word' id='word_1_90' title='bbox 1437 1088 1489 1115; x_wconf 83' lang='lat' dir='ltr'>est</span> <span class='ocrx_word' id='word_1_91' title='bbox 1513 1081 1544 1115; x_wconf 82' lang='grc' dir='ltr'>ἐν</span> 
     </span>
     <span class='ocr_line' id='line_1_14' title="bbox 610 1133 1546 1185; baseline -0.003 -14"><span class='ocrx_word' id='word_1_92' title='bbox 610 1134 844 1185; x_wconf 78' lang='grc' dir='ltr'>Ἀργιννούσαις</span> <span class='ocrx_word' id='word_1_93' title='bbox 865 1135 1021 1178; x_wconf 88' lang='grc' dir='ltr'>δηλονότι.</span> <span class='ocrx_word' id='word_1_94' title='bbox 1034 1156 1081 1162; x_wconf 90' lang='grc'><strong>-</strong></span> <span class='ocrx_word' id='word_1_95' title='bbox 1097 1145 1138 1177; x_wconf 83' lang='grc'>41</span> <span class='ocrx_word' id='word_1_96' title='bbox 1166 1133 1297 1184; x_wconf 79' lang='grc' dir='ltr'>ἀντικρὺ</span> <span class='ocrx_word' id='word_1_97' title='bbox 1324 1136 1368 1171; x_wconf 85' lang='grc' dir='ltr'>Θ.</span> <span class='ocrx_word' id='word_1_98' title='bbox 1399 1133 1546 1183; x_wconf 77' lang='grc' dir='ltr'>ἀντικρὺς</span> 
     </span>
     <span class='ocr_line' id='line_1_15' title="bbox 608 1187 1542 1229; baseline -0.002 -5"><span class='ocrx_word' id='word_1_99' title='bbox 608 1190 726 1225; x_wconf 80' lang='lat' dir='ltr'><strong>ceteri.</strong></span> <span class='ocrx_word' id='word_1_100' title='bbox 745 1188 874 1229; x_wconf 80' lang='grc' dir='ltr'>Μαλίας</span> <span class='ocrx_word' id='word_1_101' title='bbox 891 1193 941 1225; x_wconf 90' lang='grc' dir='ltr'>Μ.</span> <span class='ocrx_word' id='word_1_102' title='bbox 955 1189 1070 1225; x_wconf 80' lang='lat' dir='ltr'><strong>Ceteri</strong></span> <span class='ocrx_word' id='word_1_103' title='bbox 1097 1187 1224 1227; x_wconf 82' lang='grc' dir='ltr'>Μανίας</span> <span class='ocrx_word' id='word_1_104' title='bbox 1250 1188 1324 1223; x_wconf 77' lang='grc' dir='ltr'>Αἰά.</span> <span class='ocrx_word' id='word_1_105' title='bbox 1348 1188 1542 1224; x_wconf 74' lang='lat' dir='ltr'><strong>Tzschuck.</strong></span> 
     </span>
     <span class='ocr_line' id='line_1_16' title="bbox 606 1243 1399 1292; baseline -0.003 -13"><span class='ocrx_word' id='word_1_106' title='bbox 606 1244 651 1279; x_wconf 80' lang='lat' dir='ltr'>ad</span> <span class='ocrx_word' id='word_1_107' title='bbox 667 1243 832 1280; x_wconf 79' lang='lat' dir='ltr'><strong>strabon.</strong></span> <span class='ocrx_word' id='word_1_108' title='bbox 850 1243 921 1279; x_wconf 82' lang='lat' dir='ltr'><strong>vol.</strong></span> <span class='ocrx_word' id='word_1_109' title='bbox 942 1243 976 1282; x_wconf 84' lang='grc'>5,</span> <span class='ocrx_word' id='word_1_110' title='bbox 995 1256 1029 1292; x_wconf 87' lang='lat' dir='ltr'>p.</span> <span class='ocrx_word' id='word_1_111' title='bbox 1049 1244 1118 1287; x_wconf 87' lang='lat'>376</span> <span class='ocrx_word' id='word_1_112' title='bbox 1134 1243 1219 1278; x_wconf 81' lang='lat' dir='ltr'><strong>citat</strong></span> <span class='ocrx_word' id='word_1_113' title='bbox 1236 1243 1399 1278; x_wconf 80' lang='lat' dir='ltr'><strong>Dindorf.</strong></span> 
     </span>
    </p>

    <p class='ocr_par' dir='ltr' id='par_1_7' title="bbox 606 1296 1544 1401">
     <span class='ocr_line' id='line_1_17' title="bbox 660 1296 1544 1348; baseline -0.002 -15"><span class='ocrx_word' id='word_1_114' title='bbox 660 1299 718 1342; x_wconf 83' lang='lat'>35,</span> <span class='ocrx_word' id='word_1_115' title='bbox 742 1299 787 1339; x_wconf 88' lang='grc'>46</span> <span class='ocrx_word' id='word_1_116' title='bbox 805 1297 1012 1348; x_wconf 75' lang='grc' dir='ltr'>βλασφημίας</span> <span class='ocrx_word' id='word_1_117' title='bbox 1029 1300 1070 1334; x_wconf 77' lang='lat' dir='ltr'>V.</span> <span class='ocrx_word' id='word_1_118' title='bbox 1087 1299 1132 1334; x_wconf 89' lang='grc' dir='ltr'>Θ.</span> <span class='ocrx_word' id='word_1_119' title='bbox 1147 1305 1183 1333; x_wconf 85' lang='lat' dir='ltr'>et</span> <span class='ocrx_word' id='word_1_120' title='bbox 1200 1296 1323 1333; x_wconf 86' lang='lat' dir='ltr'>Suidas</span> <span class='ocrx_word' id='word_1_121' title='bbox 1341 1310 1369 1332; x_wconf 84' lang='lat' dir='ltr'>s.</span> <span class='ocrx_word' id='word_1_122' title='bbox 1391 1298 1544 1346; x_wconf 83' lang='grc' dir='ltr'>Πανοῧρ-</span> 
     </span>
     <span class='ocr_line' id='line_1_18' title="bbox 606 1352 911 1401; baseline -0.007 -11"><span class='ocrx_word' id='word_1_123' title='bbox 606 1366 671 1401; x_wconf 83' lang='grc' dir='ltr'>γος.</span> <span class='ocrx_word' id='word_1_124' title='bbox 687 1352 818 1400; x_wconf 78' lang='grc' dir='ltr'>ἀτιμίας</span> <span class='ocrx_word' id='word_1_125' title='bbox 833 1353 911 1388; x_wconf 81' lang='lat' dir='ltr'><strong>Ald.</strong></span> 
     </span>
    </p>

    <p class='ocr_par' dir='ltr' id='par_1_8' title="bbox 605 1404 1546 2375">
     <span class='ocr_line' id='line_1_19' title="bbox 658 1404 1546 1456; baseline -0.002 -14"><span class='ocrx_word' id='word_1_126' title='bbox 658 1408 716 1450; x_wconf 82' lang='lat'>38,</span> <span class='ocrx_word' id='word_1_127' title='bbox 734 1407 846 1451; x_wconf 75' lang='grc'>47-51</span> <span class='ocrx_word' id='word_1_128' title='bbox 866 1405 1089 1456; x_wconf 79' lang='grc' dir='ltr'>Πρῶτον-τίς</span> <span class='ocrx_word' id='word_1_129' title='bbox 1101 1404 1150 1449; x_wconf 76' lang='grc' dir='ltr'>εἴη</span> <span class='ocrx_word' id='word_1_130' title='bbox 1161 1418 1233 1440; x_wconf 88' lang='lat' dir='ltr'><strong>om.</strong></span> <span class='ocrx_word' id='word_1_131' title='bbox 1248 1406 1354 1441; x_wconf 78' lang='lat' dir='ltr'><strong>etiam</strong></span> <span class='ocrx_word' id='word_1_132' title='bbox 1368 1409 1430 1448; x_wconf 90' lang='lat' dir='ltr'><strong>M.‚</strong></span> <span class='ocrx_word' id='word_1_133' title='bbox 1445 1406 1546 1441; x_wconf 80' lang='lat' dir='ltr'><strong>scho—</strong></span> 
     </span>
     <span class='ocr_line' id='line_1_20' title="bbox 607 1459 1545 1511; baseline 0.001 -15"><span class='ocrx_word' id='word_1_134' title='bbox 607 1462 655 1496; x_wconf 81' lang='lat' dir='ltr'>lio</span> <span class='ocrx_word' id='word_1_135' title='bbox 669 1461 833 1508; x_wconf 80' lang='lat' dir='ltr'><strong>proximo</strong></span> <span class='ocrx_word' id='word_1_136' title='bbox 846 1461 1032 1509; x_wconf 82' lang='lat' dir='ltr'><strong>postponit</strong></span> <span class='ocrx_word' id='word_1_137' title='bbox 1047 1464 1092 1496; x_wconf 93' lang='lat' dir='ltr'>V.</span> <span class='ocrx_word' id='word_1_138' title='bbox 1105 1479 1151 1489; x_wconf 95' lang='lat'>--</span> <span class='ocrx_word' id='word_1_139' title='bbox 1165 1466 1207 1505; x_wconf 84' lang='grc'>47</span> <span class='ocrx_word' id='word_1_140' title='bbox 1222 1459 1383 1511; x_wconf 81' lang='grc' dir='ltr'>Πρότερον</span> <span class='ocrx_word' id='word_1_141' title='bbox 1397 1464 1437 1497; x_wconf 91' lang='lat' dir='ltr'>V.</span> <span class='ocrx_word' id='word_1_142' title='bbox 1448 1485 1487 1492; x_wconf 90' lang='lat'>-</span> <span class='ocrx_word' id='word_1_143' title='bbox 1500 1463 1545 1503; x_wconf 88' lang='grc'>48</span> 
     </span>
     <span class='ocr_line' id='line_1_21' title="bbox 607 1510 1544 1564; baseline 0.001 -15"><span class='ocrx_word' id='word_1_144' title='bbox 607 1517 653 1564; x_wconf 85' lang='grc' dir='ltr'>τῷ</span> <span class='ocrx_word' id='word_1_145' title='bbox 665 1515 745 1550; x_wconf 81' lang='lat' dir='ltr'><strong>add.</strong></span> <span class='ocrx_word' id='word_1_146' title='bbox 763 1516 806 1551; x_wconf 84' lang='grc' dir='ltr'>Θ.</span> <span class='ocrx_word' id='word_1_147' title='bbox 821 1518 838 1550; x_wconf 84' lang='grc' dir='ltr'>ὁ</span> <span class='ocrx_word' id='word_1_148' title='bbox 855 1528 924 1550; x_wconf 87' lang='lat' dir='ltr'><strong>om.</strong></span> <span class='ocrx_word' id='word_1_149' title='bbox 944 1518 1000 1558; x_wconf 90' lang='lat' dir='ltr'>V.,</span> <span class='ocrx_word' id='word_1_150' title='bbox 1017 1515 1076 1562; x_wconf 85' lang='lat' dir='ltr'>qui</span> <span class='ocrx_word' id='word_1_151' title='bbox 1093 1513 1178 1555; x_wconf 80' lang='grc' dir='ltr'>ὅστις</span> <span class='ocrx_word' id='word_1_152' title='bbox 1194 1510 1323 1550; x_wconf 75' lang='grc' dir='ltr'>εἶ.-53</span> <span class='ocrx_word' id='word_1_153' title='bbox 1349 1515 1432 1555; x_wconf 79' lang='grc' dir='ltr'>τινὲς</span> <span class='ocrx_word' id='word_1_154' title='bbox 1449 1515 1483 1551; x_wconf 81' lang='grc' dir='ltr'>δὲ</span> <span class='ocrx_word' id='word_1_155' title='bbox 1501 1518 1544 1550; x_wconf 78' lang='lat' dir='ltr'>n.</span> 
     </span>
     <span class='ocr_line' id='line_1_22' title="bbox 608 1570 1545 1621; baseline 0.001 -16"><span class='ocrx_word' id='word_1_156' title='bbox 608 1570 763 1621; x_wconf 75' lang='grc' dir='ltr'>γράφεται</span> <span class='ocrx_word' id='word_1_157' title='bbox 780 1571 859 1605; x_wconf 82' lang='grc' dir='ltr'><strong>ΑΙιΙ.</strong></span> <span class='ocrx_word' id='word_1_158' title='bbox 877 1570 1034 1620; x_wconf 78' lang='grc' dir='ltr'>γράφεται</span> <span class='ocrx_word' id='word_1_159' title='bbox 1052 1571 1087 1605; x_wconf 72' lang='grc' dir='ltr'>δὲ</span> <span class='ocrx_word' id='word_1_160' title='bbox 1111 1574 1155 1607; x_wconf 88' lang='lat' dir='ltr'>V.</span> <span class='ocrx_word' id='word_1_161' title='bbox 1174 1572 1218 1607; x_wconf 93' lang='grc' dir='ltr'>Θ.</span> <span class='ocrx_word' id='word_1_162' title='bbox 1237 1574 1286 1606; x_wconf 92' lang='grc' dir='ltr'>Μ.</span> <span class='ocrx_word' id='word_1_163' title='bbox 1313 1572 1342 1606; x_wconf 77' lang='grc' dir='ltr'>οἱ</span> <span class='ocrx_word' id='word_1_164' title='bbox 1364 1571 1397 1606; x_wconf 80' lang='grc' dir='ltr'>δὲ</span> <span class='ocrx_word' id='word_1_165' title='bbox 1421 1572 1545 1607; x_wconf 80' lang='lat' dir='ltr'>Suidns</span> 
     </span>
     <span class='ocr_line' id='line_1_23' title="bbox 608 1622 1546 1674; baseline 0.002 -15"><span class='ocrx_word' id='word_1_166' title='bbox 608 1636 635 1659; x_wconf 87' lang='lat' dir='ltr'>s.</span> <span class='ocrx_word' id='word_1_167' title='bbox 659 1626 893 1673; x_wconf 84' lang='grc' dir='ltr'>Κενταυρικῶς.</span> <span class='ocrx_word' id='word_1_168' title='bbox 907 1647 945 1653; x_wconf 91' lang='grc'>-</span> <span class='ocrx_word' id='word_1_169' title='bbox 970 1637 984 1659; x_wconf 86' lang='lat'>1</span> <span class='ocrx_word' id='word_1_170' title='bbox 1008 1622 1159 1674; x_wconf 72' lang='grc' dir='ltr'>τρυφερός</span> <span class='ocrx_word' id='word_1_171' title='bbox 1182 1624 1261 1662; x_wconf 76' lang='lat' dir='ltr'><strong>Ald.</strong></span> <span class='ocrx_word' id='word_1_172' title='bbox 1284 1624 1427 1660; x_wconf 84' lang='lat' dir='ltr'>Addunt</span> <span class='ocrx_word' id='word_1_173' title='bbox 1448 1627 1490 1662; x_wconf 85' lang='grc' dir='ltr'>Θ.</span> <span class='ocrx_word' id='word_1_174' title='bbox 1510 1634 1546 1661; x_wconf 86' lang='lat' dir='ltr'>et</span> 
     </span>
     <span class='ocr_line' id='line_1_24' title="bbox 609 1677 1544 1728; baseline 0.001 -15"><span class='ocrx_word' id='word_1_175' title='bbox 609 1680 695 1725; x_wconf 83' lang='lat' dir='ltr'><strong>Reg.</strong></span> <span class='ocrx_word' id='word_1_176' title='bbox 712 1678 951 1714; x_wconf 78' lang='lat' dir='ltr'>narrationem</span> <span class='ocrx_word' id='word_1_177' title='bbox 970 1678 1014 1713; x_wconf 79' lang='lat' dir='ltr'>de</span> <span class='ocrx_word' id='word_1_178' title='bbox 1038 1679 1221 1714; x_wconf 81' lang='lat' dir='ltr'>Centauris</span> <span class='ocrx_word' id='word_1_179' title='bbox 1235 1706 1244 1721; x_wconf 86' lang='lat'>,</span> <span class='ocrx_word' id='word_1_180' title='bbox 1262 1679 1290 1714; x_wconf 73' lang='grc' dir='ltr'>οἳ</span> <span class='ocrx_word' id='word_1_181' title='bbox 1317 1677 1484 1728; x_wconf 83' lang='grc' dir='ltr'>κένταυροι</span> <span class='ocrx_word' id='word_1_182' title='bbox 1511 1678 1544 1714; x_wconf 83' lang='grc' dir='ltr'>δὲ</span> 
     </span>
     <span class='ocr_line' id='line_1_25' title="bbox 608 1726 1544 1782; baseline 0.001 -14"><span class='ocrx_word' id='word_1_183' title='bbox 608 1731 694 1768; x_wconf 79' lang='grc' dir='ltr'>κατὰ</span> <span class='ocrx_word' id='word_1_184' title='bbox 716 1731 769 1768; x_wconf 79' lang='grc' dir='ltr'>τὸν</span> <span class='ocrx_word' id='word_1_185' title='bbox 798 1735 903 1780; x_wconf 83' lang='grc' dir='ltr'>μῦθον·</span> <span class='ocrx_word' id='word_1_186' title='bbox 923 1731 1031 1782; x_wconf 79' lang='grc' dir='ltr'>ἄνδρες</span> <span class='ocrx_word' id='word_1_187' title='bbox 1059 1726 1143 1776; x_wconf 67' lang='grc' dir='ltr'>ἦσαν</span> <span class='ocrx_word' id='word_1_188' title='bbox 1169 1733 1287 1780; x_wconf 78' lang='grc' dir='ltr'>διφυεῖς</span> <span class='ocrx_word' id='word_1_189' title='bbox 1310 1731 1341 1774; x_wconf 81' lang='grc' dir='ltr'>ἐξ</span> <span class='ocrx_word' id='word_1_190' title='bbox 1364 1732 1473 1768; x_wconf 72' lang='grc' dir='ltr'>ἵππων</span> <span class='ocrx_word' id='word_1_191' title='bbox 1489 1733 1544 1769; x_wconf 76' lang='grc' dir='ltr'>καὶ</span> 
     </span>
     <span class='ocr_line' id='line_1_26' title="bbox 609 1784 1542 1836; baseline 0.004 -16"><span class='ocrx_word' id='word_1_192' title='bbox 609 1785 784 1836; x_wconf 79' lang='grc' dir='ltr'>ἀνθρώπων</span> <span class='ocrx_word' id='word_1_193' title='bbox 791 1786 1005 1834; x_wconf 78' lang='grc' dir='ltr'>συγκείμενοι,</span> <span class='ocrx_word' id='word_1_194' title='bbox 1018 1787 1047 1822; x_wconf 79' lang='grc' dir='ltr'>οἱ</span> <span class='ocrx_word' id='word_1_195' title='bbox 1057 1784 1152 1821; x_wconf 78' lang='grc' dir='ltr'>ἵπποι</span> <span class='ocrx_word' id='word_1_196' title='bbox 1168 1785 1225 1834; x_wconf 73' lang='grc' dir='ltr'>μὲν</span> <span class='ocrx_word' id='word_1_197' title='bbox 1238 1785 1340 1834; x_wconf 77' lang='grc' dir='ltr'>(ὄντες</span> <span class='ocrx_word' id='word_1_198' title='bbox 1349 1787 1429 1822; x_wconf 78' lang='lat' dir='ltr'><strong>add.</strong></span> <span class='ocrx_word' id='word_1_199' title='bbox 1440 1787 1542 1836; x_wconf 75' lang='lat' dir='ltr'><strong>neg.)</strong></span> 
     </span>
     <span class='ocr_line' id='line_1_27' title="bbox 607 1838 1544 1890; baseline 0.002 -15"><span class='ocrx_word' id='word_1_200' title='bbox 607 1838 650 1875; x_wconf 77' lang='grc' dir='ltr'>τὰ</span> <span class='ocrx_word' id='word_1_201' title='bbox 666 1840 777 1886; x_wconf 84' lang='grc' dir='ltr'>κάτω,</span> <span class='ocrx_word' id='word_1_202' title='bbox 794 1839 955 1890; x_wconf 80' lang='grc' dir='ltr'>ἄνθρωποι</span> <span class='ocrx_word' id='word_1_203' title='bbox 977 1839 1068 1876; x_wconf 80' lang='grc' dir='ltr'>δὲτὰ</span> <span class='ocrx_word' id='word_1_204' title='bbox 1096 1839 1162 1877; x_wconf 87' lang='grc' dir='ltr'>ἄνω</span> <span class='ocrx_word' id='word_1_205' title='bbox 1176 1853 1184 1862; x_wconf 94' lang='grc'><em>·</em></span> <span class='ocrx_word' id='word_1_206' title='bbox 1207 1838 1292 1877; x_wconf 80' lang='grc' dir='ltr'>ὥστε</span> <span class='ocrx_word' id='word_1_207' title='bbox 1317 1841 1374 1877; x_wconf 85' lang='grc' dir='ltr'>καί</span> <span class='ocrx_word' id='word_1_208' title='bbox 1398 1855 1445 1882; x_wconf 82' lang='grc' dir='ltr'>τις</span> <span class='ocrx_word' id='word_1_209' title='bbox 1471 1841 1544 1877; x_wconf 78' lang='grc' dir='ltr'>ἰδὼν</span> 
     </span>
     <span class='ocr_line' id='line_1_28' title="bbox 609 1893 1543 1945; baseline 0.001 -15"><span class='ocrx_word' id='word_1_210' title='bbox 609 1894 722 1935; x_wconf 75' lang='grc' dir='ltr'>αὐτοὺς</span> <span class='ocrx_word' id='word_1_211' title='bbox 734 1893 793 1938; x_wconf 80' lang='grc' dir='ltr'>τὴν</span> <span class='ocrx_word' id='word_1_212' title='bbox 815 1893 919 1944; x_wconf 79' lang='grc' dir='ltr'>ἀρχὴν</span> <span class='ocrx_word' id='word_1_213' title='bbox 936 1893 1009 1943; x_wconf 77' lang='grc' dir='ltr'>ἔφη,</span> <span class='ocrx_word' id='word_1_214' title='bbox 1020 1893 1118 1935; x_wconf 71' lang='grc' dir='ltr'>ἵππος</span> <span class='ocrx_word' id='word_1_215' title='bbox 1134 1893 1344 1944; x_wconf 73' lang='grc' dir='ltr'>(ἐπερεύγεται</span> <span class='ocrx_word' id='word_1_216' title='bbox 1365 1894 1543 1945; x_wconf 79' lang='grc' dir='ltr'>ἄνθρωπον,</span> 
     </span>
     <span class='ocr_line' id='line_1_29' title="bbox 607 1947 1545 1999; baseline 0.001 -15"><span class='ocrx_word' id='word_1_217' title='bbox 607 1948 662 1984; x_wconf 77' lang='grc' dir='ltr'>καὶ</span> <span class='ocrx_word' id='word_1_218' title='bbox 681 1948 845 1999; x_wconf 80' lang='grc' dir='ltr'>ἄνθρωπος</span> <span class='ocrx_word' id='word_1_219' title='bbox 864 1947 1078 1999; x_wconf 81' lang='grc' dir='ltr'>ἀποπέρδεται</span> <span class='ocrx_word' id='word_1_220' title='bbox 1100 1947 1210 1984; x_wconf 72' lang='grc' dir='ltr'>ἵππον.</span> <span class='ocrx_word' id='word_1_221' title='bbox 1226 1948 1414 1996; x_wconf 80' lang='grc' dir='ltr'>μυθεύονται</span> <span class='ocrx_word' id='word_1_222' title='bbox 1432 1948 1465 1984; x_wconf 78' lang='grc' dir='ltr'>δὲ</span> <span class='ocrx_word' id='word_1_223' title='bbox 1490 1949 1545 1985; x_wconf 82' lang='grc' dir='ltr'>καὶ</span> 
     </span>
     <span class='ocr_line' id='line_1_30' title="bbox 607 2002 1543 2053; baseline 0.001 -14"><span class='ocrx_word' id='word_1_224' title='bbox 607 2006 721 2048; x_wconf 80' lang='grc' dir='ltr'>τοῦτο,</span> <span class='ocrx_word' id='word_1_225' title='bbox 743 2005 787 2044; x_wconf 82' lang='grc' dir='ltr'>ὣς</span> <span class='ocrx_word' id='word_1_226' title='bbox 814 2002 878 2039; x_wconf 78' lang='grc' dir='ltr'>ἀπὸ</span> <span class='ocrx_word' id='word_1_227' title='bbox 897 2005 955 2047; x_wconf 80' lang='grc' dir='ltr'>τῆς</span> <span class='ocrx_word' id='word_1_228' title='bbox 981 2002 1116 2053; x_wconf 79' lang='grc' dir='ltr'>νεφέλης</span> <span class='ocrx_word' id='word_1_229' title='bbox 1144 2002 1306 2050; x_wconf 78' lang='grc' dir='ltr'>ἐγένοντο,</span> <span class='ocrx_word' id='word_1_230' title='bbox 1331 2003 1371 2047; x_wconf 84' lang='grc' dir='ltr'>ἣν</span> <span class='ocrx_word' id='word_1_231' title='bbox 1401 2004 1481 2044; x_wconf 82' lang='grc' dir='ltr'>Ζεὺς</span> <span class='ocrx_word' id='word_1_232' title='bbox 1503 2006 1543 2053; x_wconf 81' lang='grc' dir='ltr'>τῇ</span> 
     </span>
     <span class='ocr_line' id='line_1_31' title="bbox 605 2056 1544 2109; baseline -0.001 -14"><span class='ocrx_word' id='word_1_233' title='bbox 605 2056 696 2109; x_wconf 76' lang='grc' dir='ltr'>’ἮραΙ</span> <span class='ocrx_word' id='word_1_234' title='bbox 714 2057 885 2107; x_wconf 73' lang='grc' dir='ltr'>παρῇκασε</span> <span class='ocrx_word' id='word_1_235' title='bbox 908 2056 1008 2093; x_wconf 81' lang='grc' dir='ltr'>θέλων</span> <span class='ocrx_word' id='word_1_236' title='bbox 1023 2057 1082 2101; x_wconf 75' lang='grc' dir='ltr'>τὴν</span> <span class='ocrx_word' id='word_1_237' title='bbox 1108 2057 1187 2107; x_wconf 79' lang='grc' dir='ltr'>πρὸς</span> <span class='ocrx_word' id='word_1_238' title='bbox 1210 2057 1309 2101; x_wconf 76' lang='grc' dir='ltr'>αὐτὴν</span> <span class='ocrx_word' id='word_1_239' title='bbox 1337 2060 1394 2093; x_wconf 80' lang='grc' dir='ltr'>τοῦ</span> <span class='ocrx_word' id='word_1_240' title='bbox 1422 2057 1544 2100; x_wconf 83' lang='grc' dir='ltr'>Ἰξίονος</span> 
     </span>
     <span class='ocr_line' id='line_1_32' title="bbox 608 2106 1545 2162; baseline 0.002 -16"><span class='ocrx_word' id='word_1_241' title='bbox 608 2114 719 2159; x_wconf 78' lang='grc' dir='ltr'>μαθεῖν</span> <span class='ocrx_word' id='word_1_242' title='bbox 738 2111 853 2161; x_wconf 81' lang='grc' dir='ltr'>ἔρωτα.</span> <span class='ocrx_word' id='word_1_243' title='bbox 869 2110 925 2148; x_wconf 79' lang='grc' dir='ltr'>καὶ</span> <span class='ocrx_word' id='word_1_244' title='bbox 942 2109 1005 2162; x_wconf 73' lang='grc' dir='ltr'>γὰρ</span> <span class='ocrx_word' id='word_1_245' title='bbox 1029 2112 1073 2152; x_wconf 84' lang='grc' dir='ltr'>ὡς</span> <span class='ocrx_word' id='word_1_246' title='bbox 1096 2106 1178 2148; x_wconf 75' lang='grc' dir='ltr'>οἶδεν</span> <span class='ocrx_word' id='word_1_247' title='bbox 1204 2106 1304 2156; x_wconf 74' lang='grc' dir='ltr'>(εἶδεν</span> <span class='ocrx_word' id='word_1_248' title='bbox 1321 2115 1408 2159; x_wconf 73' lang='lat' dir='ltr'><strong>Reg.</strong></span> <span class='ocrx_word' id='word_1_249' title='bbox 1430 2117 1545 2160; x_wconf 81' lang='lat' dir='ltr'><strong>recte)</strong></span> 
     </span>
     <span class='ocr_line' id='line_1_33' title="bbox 606 2162 1545 2216; baseline 0 -14"><span class='ocrx_word' id='word_1_250' title='bbox 606 2165 708 2207; x_wconf 82' lang='grc' dir='ltr'>Ἰξίων</span> <span class='ocrx_word' id='word_1_251' title='bbox 724 2164 782 2209; x_wconf 70' lang='grc' dir='ltr'>τὴν</span> <span class='ocrx_word' id='word_1_252' title='bbox 800 2167 1001 2201; x_wconf 74' lang='grc' dir='ltr'>εἰκασθεῖσαν</span> <span class='ocrx_word' id='word_1_253' title='bbox 1024 2167 1064 2214; x_wconf 77' lang='grc' dir='ltr'>τῇ</span> <span class='ocrx_word' id='word_1_254' title='bbox 1079 2162 1169 2215; x_wconf 61' lang='grc' dir='ltr'>*Ἦρα</span> <span class='ocrx_word' id='word_1_255' title='bbox 1191 2164 1327 2216; x_wconf 79' lang='grc' dir='ltr'>νεφέλην</span> <span class='ocrx_word' id='word_1_256' title='bbox 1343 2194 1352 2211; x_wconf 97' lang='grc'>,</span> <span class='ocrx_word' id='word_1_257' title='bbox 1371 2165 1480 2215; x_wconf 84' lang='grc' dir='ltr'>Ἥραν</span> <span class='ocrx_word' id='word_1_258' title='bbox 1498 2169 1545 2216; x_wconf 78' lang='grc' dir='ltr'>τῷ</span> 
     </span>
     <span class='ocr_line' id='line_1_34' title="bbox 606 2213 1543 2268; baseline 0.001 -13"><span class='ocrx_word' id='word_1_259' title='bbox 606 2218 675 2255; x_wconf 80' lang='grc' dir='ltr'>ὄντι</span> <span class='ocrx_word' id='word_1_260' title='bbox 686 2218 806 2263; x_wconf 89' lang='grc' dir='ltr'>ταύτην</span> <span class='ocrx_word' id='word_1_261' title='bbox 819 2213 900 2255; x_wconf 70' lang='grc' dir='ltr'>εἶναι</span> <span class='ocrx_word' id='word_1_262' title='bbox 909 2218 1236 2267; x_wconf 77' lang='grc' dir='ltr'>νομίσας,συνεγένετο</span> <span class='ocrx_word' id='word_1_263' title='bbox 1250 2218 1352 2268; x_wconf 89' lang='grc' dir='ltr'>ταύτῃ</span> <span class='ocrx_word' id='word_1_264' title='bbox 1365 2219 1419 2255; x_wconf 78' lang='grc' dir='ltr'>καὶ</span> <span class='ocrx_word' id='word_1_265' title='bbox 1430 2219 1543 2268; x_wconf 83' lang='grc' dir='ltr'>ἔγημε.</span> 
     </span>
     <span class='ocr_line' id='line_1_35' title="bbox 606 2267 1543 2322; baseline 0 -14"><span class='ocrx_word' id='word_1_266' title='bbox 606 2272 859 2322; x_wconf 76' lang='grc' dir='ltr'>ἱπποκένταυρον</span> <span class='ocrx_word' id='word_1_267' title='bbox 875 2267 937 2308; x_wconf 66' lang='grc' dir='ltr'>ὧδε</span> <span class='ocrx_word' id='word_1_268' title='bbox 955 2273 1066 2319; x_wconf 83' lang='lat' dir='ltr'><strong>(Reg.</strong></span> <span class='ocrx_word' id='word_1_269' title='bbox 1084 2280 1178 2307; x_wconf 79' lang='lat' dir='ltr'><strong>recte</strong></span> <span class='ocrx_word' id='word_1_270' title='bbox 1202 2273 1256 2308; x_wconf 79' lang='grc' dir='ltr'>καὶ</span> <span class='ocrx_word' id='word_1_271' title='bbox 1281 2271 1388 2309; x_wconf 80' lang='grc' dir='ltr'>ἔτεκεν</span> <span class='ocrx_word' id='word_1_272' title='bbox 1406 2273 1483 2308; x_wconf 73' lang='grc' dir='ltr'><strong>ἱππ.</strong></span> <span class='ocrx_word' id='word_1_273' title='bbox 1504 2268 1543 2317; x_wconf 71' lang='grc' dir='ltr'>ἦν</span> 
     </span>
     <span class='ocr_line' id='line_1_36' title="bbox 608 2324 1296 2375; baseline 0 -14"><span class='ocrx_word' id='word_1_274' title='bbox 608 2325 642 2362; x_wconf 77' lang='grc' dir='ltr'>δὲ</span> <span class='ocrx_word' id='word_1_275' title='bbox 660 2325 715 2372; x_wconf 80' lang='grc' dir='ltr'>τὸ)</span> <span class='ocrx_word' id='word_1_276' title='bbox 734 2325 798 2362; x_wconf 79' lang='grc' dir='ltr'>ἀπὸ</span> <span class='ocrx_word' id='word_1_277' title='bbox 814 2325 927 2362; x_wconf 86' lang='grc' dir='ltr'>τούτου</span> <span class='ocrx_word' id='word_1_278' title='bbox 944 2324 1033 2373; x_wconf 86' lang='grc' dir='ltr'>γένος</span> <span class='ocrx_word' id='word_1_279' title='bbox 1048 2325 1120 2361; x_wconf 89' lang='grc' dir='ltr'>λίαν</span> <span class='ocrx_word' id='word_1_280' title='bbox 1136 2326 1296 2375; x_wconf 83' lang='grc' dir='ltr'>μάχιμον.</span> 
     </span>
    </p>

    <p class='ocr_par' dir='ltr' id='par_1_9' title="bbox 606 2378 1543 2484">
     <span class='ocr_line' id='line_1_37' title="bbox 656 2378 1543 2430; baseline 0.003 -16"><span class='ocrx_word' id='word_1_281' title='bbox 656 2386 714 2425; x_wconf 91' lang='grc' dir='ltr'>4ο,</span> <span class='ocrx_word' id='word_1_282' title='bbox 729 2381 750 2414; x_wconf 94' lang='grc'><strong>6</strong></span> <span class='ocrx_word' id='word_1_283' title='bbox 770 2381 855 2430; x_wconf 77' lang='grc' dir='ltr'>αὐτῷ</span> <span class='ocrx_word' id='word_1_284' title='bbox 871 2383 914 2416; x_wconf 87' lang='lat' dir='ltr'>R.</span> <span class='ocrx_word' id='word_1_285' title='bbox 928 2402 966 2410; x_wconf 86' lang='lat'>—-</span> <span class='ocrx_word' id='word_1_286' title='bbox 977 2381 998 2415; x_wconf 90' lang='lat'>8</span> <span class='ocrx_word' id='word_1_287' title='bbox 1013 2378 1115 2416; x_wconf 80' lang='grc' dir='ltr'>δειλὸν</span> <span class='ocrx_word' id='word_1_288' title='bbox 1127 2380 1182 2416; x_wconf 77' lang='grc' dir='ltr'>καὶ</span> <span class='ocrx_word' id='word_1_289' title='bbox 1195 2380 1382 2430; x_wconf 79' lang='grc' dir='ltr'>σχηματίαν</span> <span class='ocrx_word' id='word_1_290' title='bbox 1398 2382 1441 2417; x_wconf 82' lang='grc' dir='ltr'>Θ.</span> <span class='ocrx_word' id='word_1_291' title='bbox 1458 2396 1543 2417; x_wconf 90' lang='grc' dir='ltr'>καυ-</span> 
     </span>
     <span class='ocr_line' id='line_1_38' title="bbox 606 2439 839 2484; baseline 0 -13"><span class='ocrx_word' id='word_1_292' title='bbox 606 2441 772 2484; x_wconf 80' lang='grc' dir='ltr'>χηματιᾶν</span> <span class='ocrx_word' id='word_1_293' title='bbox 794 2439 839 2471; x_wconf 88' lang='lat' dir='ltr'>V.</span> 
     </span>
    </p>

    <p class='ocr_par' dir='ltr' id='par_1_10' title="bbox 655 2487 1468 2539">
     <span class='ocr_line' id='line_1_39' title="bbox 655 2487 1468 2539; baseline 0 -14"><span class='ocrx_word' id='word_1_294' title='bbox 655 2494 713 2534; x_wconf 87' lang='grc'>41,</span> <span class='ocrx_word' id='word_1_295' title='bbox 735 2503 775 2525; x_wconf 77' lang='lat'>1²</span> <span class='ocrx_word' id='word_1_296' title='bbox 797 2491 871 2539; x_wconf 84' lang='grc' dir='ltr'>Ἧρ.</span> <span class='ocrx_word' id='word_1_297' title='bbox 891 2487 975 2526; x_wconf 79' lang='grc' dir='ltr'>ἀλλὰ</span> <span class='ocrx_word' id='word_1_298' title='bbox 990 2489 1035 2537; x_wconf 79' lang='grc' dir='ltr'>μὴ</span> <span class='ocrx_word' id='word_1_299' title='bbox 1054 2493 1097 2526; x_wconf 80' lang='lat' dir='ltr'><strong>R.</strong></span> <span class='ocrx_word' id='word_1_300' title='bbox 1111 2489 1132 2533; x_wconf 81' lang='grc' dir='ltr'>ἢ</span> <span class='ocrx_word' id='word_1_301' title='bbox 1148 2489 1247 2530; x_wconf 74' lang='grc' dir='ltr'>οὕτως</span> <span class='ocrx_word' id='word_1_302' title='bbox 1261 2488 1306 2538; x_wconf 85' lang='grc' dir='ltr'>μὴ</span> <span class='ocrx_word' id='word_1_303' title='bbox 1327 2491 1371 2526; x_wconf 91' lang='grc' dir='ltr'>Θ.</span> <span class='ocrx_word' id='word_1_304' title='bbox 1391 2490 1468 2526; x_wconf 74' lang='lat' dir='ltr'><strong>Md.</strong></span> 
     </span>
    </p>

    <p class='ocr_par' dir='ltr' id='par_1_11' title="bbox 559 2542 1544 2852">
     <span class='ocr_line' id='line_1_40' title="bbox 655 2542 1544 2594; baseline 0.002 -16"><span class='ocrx_word' id='word_1_305' title='bbox 655 2544 721 2587; x_wconf 91' lang='grc'>46,</span> <span class='ocrx_word' id='word_1_306' title='bbox 739 2550 777 2586; x_wconf 81' lang='grc'>14</span> <span class='ocrx_word' id='word_1_307' title='bbox 794 2543 866 2594; x_wconf 79' lang='grc' dir='ltr'>φόρ.</span> <span class='ocrx_word' id='word_1_308' title='bbox 881 2542 1046 2594; x_wconf 78' lang='grc' dir='ltr'>κροκωτῆν</span> <span class='ocrx_word' id='word_1_309' title='bbox 1063 2544 1231 2580; x_wconf 77' lang='lat' dir='ltr'><strong>Ald.-15</strong></span> <span class='ocrx_word' id='word_1_310' title='bbox 1250 2542 1284 2580; x_wconf 86' lang='grc' dir='ltr'>δὲ</span> <span class='ocrx_word' id='word_1_311' title='bbox 1299 2556 1369 2579; x_wconf 87' lang='lat' dir='ltr'><strong>om.</strong></span> <span class='ocrx_word' id='word_1_312' title='bbox 1388 2547 1430 2579; x_wconf 85' lang='lat' dir='ltr'>R.</span> <span class='ocrx_word' id='word_1_313' title='bbox 1447 2542 1544 2593; x_wconf 77' lang='grc' dir='ltr'>φοὸε-</span> 
     </span>
     <span class='ocr_line' id='line_1_41' title="bbox 608 2594 1542 2645; baseline 0.003 -15"><span class='ocrx_word' id='word_1_314' title='bbox 608 2594 658 2644; x_wconf 81' lang='grc' dir='ltr'>ρδς</span> <span class='ocrx_word' id='word_1_315' title='bbox 675 2597 811 2632; x_wconf 79' lang='lat' dir='ltr'>addidit</span> <span class='ocrx_word' id='word_1_316' title='bbox 824 2598 1025 2633; x_wconf 71' lang='lat' dir='ltr'><strong>Dindon-fius</strong></span> <span class='ocrx_word' id='word_1_317' title='bbox 1045 2612 1088 2633; x_wconf 83' lang='lat' dir='ltr'>ex</span> <span class='ocrx_word' id='word_1_318' title='bbox 1104 2597 1331 2645; x_wconf 84' lang='lat' dir='ltr'><strong>sequentibus</strong></span> <span class='ocrx_word' id='word_1_319' title='bbox 1351 2605 1542 2644; x_wconf 85' lang='lat' dir='ltr'><strong>sumptum.</strong></span> 
     </span>
     <span class='ocr_line' id='line_1_42' title="bbox 606 2647 1543 2701; baseline 0.002 -16"><span class='ocrx_word' id='word_1_320' title='bbox 606 2647 792 2698; x_wconf 84' lang='grc' dir='ltr'>Ἡρακλέως</span> <span class='ocrx_word' id='word_1_321' title='bbox 809 2650 870 2701; x_wconf 75' lang='grc' dir='ltr'>γὰρ</span> <span class='ocrx_word' id='word_1_322' title='bbox 892 2654 936 2687; x_wconf 88' lang='lat' dir='ltr'>R.</span> <span class='ocrx_word' id='word_1_323' title='bbox 963 2656 1046 2687; x_wconf 88' lang='lat' dir='ltr'><strong>Post</strong></span> <span class='ocrx_word' id='word_1_324' title='bbox 1070 2653 1181 2695; x_wconf 77' lang='grc' dir='ltr'>λεοντῆ</span> <span class='ocrx_word' id='word_1_325' title='bbox 1199 2651 1279 2687; x_wconf 80' lang='lat' dir='ltr'><strong>libri</strong></span> <span class='ocrx_word' id='word_1_326' title='bbox 1302 2651 1439 2686; x_wconf 85' lang='lat' dir='ltr'><strong>addunt</strong></span> <span class='ocrx_word' id='word_1_327' title='bbox 1466 2665 1543 2701; x_wconf 85' lang='grc' dir='ltr'>κρο-</span> 
     </span>
     <span class='ocr_line' id='line_1_43' title="bbox 606 2699 1543 2754; baseline 0.003 -18"><span class='ocrx_word' id='word_1_328' title='bbox 606 2701 713 2744; x_wconf 71' lang='grc' dir='ltr'>κωτὴν</span> <span class='ocrx_word' id='word_1_329' title='bbox 734 2703 914 2753; x_wconf 79' lang='grc' dir='ltr'>(κροκωτδς</span> <span class='ocrx_word' id='word_1_330' title='bbox 938 2708 982 2739; x_wconf 89' lang='lat' dir='ltr'>R.</span> <span class='ocrx_word' id='word_1_331' title='bbox 1002 2706 1058 2751; x_wconf 87' lang='lat' dir='ltr'>V.)</span> <span class='ocrx_word' id='word_1_332' title='bbox 1082 2703 1135 2749; x_wconf 81' lang='grc' dir='ltr'>δὲ,</span> <span class='ocrx_word' id='word_1_333' title='bbox 1160 2704 1213 2740; x_wconf 79' lang='grc' dir='ltr'>ἵνα</span> <span class='ocrx_word' id='word_1_334' title='bbox 1243 2699 1265 2753; x_wconf 70' lang='grc' dir='ltr'>ᾖ</span> <span class='ocrx_word' id='word_1_335' title='bbox 1283 2703 1426 2754; x_wconf 75' lang='grc' dir='ltr'>φοὸερός.</span> <span class='ocrx_word' id='word_1_336' title='bbox 1451 2705 1502 2740; x_wconf 84' lang='lat' dir='ltr'>lb.</span> <span class='ocrx_word' id='word_1_337' title='bbox 1522 2704 1543 2748; x_wconf 80' lang='grc' dir='ltr'>ἢ</span> 
     </span>
     <span class='ocr_line' id='line_1_44' title="bbox 607 2758 1543 2849; baseline 0.004 -59"><span class='ocrx_word' id='word_1_338' title='bbox 607 2758 760 2849; x_wconf 65' lang='grc' dir='ltr'>κριέκωτῷ</span> <span class='ocrx_word' id='word_1_339' title='bbox 776 2758 853 2794; x_wconf 80' lang='lat' dir='ltr'><strong>Ald.</strong></span> <span class='ocrx_word' id='word_1_340' title='bbox 868 2780 906 2788; x_wconf 85' lang='lat'><em>-</em></span> <span class='ocrx_word' id='word_1_341' title='bbox 927 2771 965 2802; x_wconf 87' lang='lat'>¹7</span> <span class='ocrx_word' id='word_1_342' title='bbox 989 2758 1128 2805; x_wconf 81' lang='grc' dir='ltr'>μετάξης</span> <span class='ocrx_word' id='word_1_343' title='bbox 1143 2759 1342 2808; x_wconf 80' lang='grc' dir='ltr'>κροκοειδοῧς</span> <span class='ocrx_word' id='word_1_344' title='bbox 1368 2762 1454 2806; x_wconf 74' lang='lat' dir='ltr'><strong>Reg.</strong></span> <span class='ocrx_word' id='word_1_345' title='bbox 1478 2773 1543 2806; x_wconf 87' lang='grc' dir='ltr'>μα-</span> 
     </span>
     <span class='ocr_line' id='line_1_45' title="bbox 559 2808 758 2852; baseline 0.01 -7"><span class='ocrx_word' id='word_1_346' title='bbox 559 2843 562 2845; x_wconf 75' lang='grc'>,</span> <span class='ocrx_word' id='word_1_347' title='bbox 606 2808 647 2844; x_wconf 82' lang='grc' dir='ltr'>τά</span> <span class='ocrx_word' id='word_1_348' title='bbox 664 2823 702 2852; x_wconf 92' lang='grc' dir='ltr'>ης</span> <span class='ocrx_word' id='word_1_349' title='bbox 717 2812 758 2847; x_wconf 92' lang='grc' dir='ltr'>Ε.</span> 
     </span>
    </p>

    <p class='ocr_par' dir='ltr' id='par_1_12' title="bbox 603 2863 1544 3400">
     <span class='ocr_line' id='line_1_46' title="bbox 657 2863 1544 2913; baseline 0.003 -15"><span class='ocrx_word' id='word_1_350' title='bbox 657 2867 716 2907; x_wconf 82' lang='grc'>47,</span> <span class='ocrx_word' id='word_1_351' title='bbox 734 2875 774 2898; x_wconf 79' lang='lat'>21</span> <span class='ocrx_word' id='word_1_352' title='bbox 803 2863 958 2913; x_wconf 85' lang='grc' dir='ltr'>Κόθορνος</span> <span class='ocrx_word' id='word_1_353' title='bbox 973 2864 1005 2900; x_wconf 86' lang='grc' dir='ltr'>δὲ</span> <span class='ocrx_word' id='word_1_354' title='bbox 1022 2864 1071 2901; x_wconf 83' lang='grc' dir='ltr'>ὅτι</span> <span class='ocrx_word' id='word_1_355' title='bbox 1084 2867 1125 2901; x_wconf 93' lang='lat' dir='ltr'>V.</span> <span class='ocrx_word' id='word_1_356' title='bbox 1143 2864 1224 2902; x_wconf 68' lang='lat' dir='ltr'>“On</span> <span class='ocrx_word' id='word_1_357' title='bbox 1240 2868 1257 2901; x_wconf 88' lang='grc' dir='ltr'><strong>ὁ</strong></span> <span class='ocrx_word' id='word_1_358' title='bbox 1279 2867 1323 2903; x_wconf 90' lang='grc' dir='ltr'>Θ.</span> <span class='ocrx_word' id='word_1_359' title='bbox 1340 2869 1389 2901; x_wconf 91' lang='grc' dir='ltr'>Μ.</span> <span class='ocrx_word' id='word_1_360' title='bbox 1410 2866 1488 2901; x_wconf 82' lang='lat' dir='ltr'><strong>Ald.</strong></span> <span class='ocrx_word' id='word_1_361' title='bbox 1505 2888 1544 2895; x_wconf 89' lang='lat'>—</span> 
     </span>
     <span class='ocr_line' id='line_1_47' title="bbox 608 2915 1543 2968; baseline 0.004 -18"><span class='ocrx_word' id='word_1_362' title='bbox 608 2927 653 2950; x_wconf 66' lang='grc' dir='ltr'>αα</span> <span class='ocrx_word' id='word_1_363' title='bbox 672 2917 702 2951; x_wconf 77' lang='grc' dir='ltr'>οἱ</span> <span class='ocrx_word' id='word_1_364' title='bbox 720 2915 945 2967; x_wconf 81' lang='grc' dir='ltr'>δὲ-ἆρμόττει</span> <span class='ocrx_word' id='word_1_365' title='bbox 958 2918 1110 2968; x_wconf 76' lang='grc' dir='ltr'>(ἁρμόζει</span> <span class='ocrx_word' id='word_1_366' title='bbox 1127 2919 1192 2966; x_wconf 88' lang='grc' dir='ltr'><strong>Θ.)</strong></span> <span class='ocrx_word' id='word_1_367' title='bbox 1217 2927 1298 2966; x_wconf 87' lang='lat' dir='ltr'><strong>post</strong></span> <span class='ocrx_word' id='word_1_368' title='bbox 1321 2918 1453 2954; x_wconf 84' lang='grc' dir='ltr'>δύναται</span> <span class='ocrx_word' id='word_1_369' title='bbox 1475 2932 1543 2967; x_wconf 89' lang='lat' dir='ltr'>po-</span> 
     </span>
     <span class='ocr_line' id='line_1_48' title="bbox 605 2971 1542 3021; baseline 0.003 -16"><span class='ocrx_word' id='word_1_370' title='bbox 605 2977 696 3005; x_wconf 87' lang='lat' dir='ltr'><strong>nunt</strong></span> <span class='ocrx_word' id='word_1_371' title='bbox 711 2973 755 3005; x_wconf 90' lang='lat' dir='ltr'>V.</span> <span class='ocrx_word' id='word_1_372' title='bbox 775 2972 818 3007; x_wconf 87' lang='grc' dir='ltr'>Θ.</span> <span class='ocrx_word' id='word_1_373' title='bbox 835 2974 883 3006; x_wconf 89' lang='grc' dir='ltr'><strong>Μ.</strong></span> <span class='ocrx_word' id='word_1_374' title='bbox 901 2971 975 3007; x_wconf 76' lang='lat' dir='ltr'><strong>Ald.</strong></span> <span class='ocrx_word' id='word_1_375' title='bbox 988 2994 1027 3001; x_wconf 89' lang='lat'><em>-</em></span> <span class='ocrx_word' id='word_1_376' title='bbox 1044 2974 1088 3008; x_wconf 81' lang='lat'>23</span> <span class='ocrx_word' id='word_1_377' title='bbox 1111 2972 1238 3021; x_wconf 80' lang='grc' dir='ltr'>λέγεται</span> <span class='ocrx_word' id='word_1_378' title='bbox 1258 2974 1302 3010; x_wconf 84' lang='grc' dir='ltr'>Θ.</span> <span class='ocrx_word' id='word_1_379' title='bbox 1324 2976 1375 3008; x_wconf 91' lang='grc' dir='ltr'>Μ.</span> <span class='ocrx_word' id='word_1_380' title='bbox 1397 2971 1431 3008; x_wconf 80' lang='grc' dir='ltr'>δὲ</span> <span class='ocrx_word' id='word_1_381' title='bbox 1448 2973 1542 3021; x_wconf 83' lang='grc' dir='ltr'>λέγε-</span> 
     </span>
     <span class='ocr_line' id='line_1_49' title="bbox 603 3024 1538 3075; baseline 0.002 -15"><span class='ocrx_word' id='word_1_382' title='bbox 603 3038 659 3060; x_wconf 91' lang='grc' dir='ltr'>ται</span> <span class='ocrx_word' id='word_1_383' title='bbox 674 3027 714 3060; x_wconf 89' lang='lat' dir='ltr'>V.</span> <span class='ocrx_word' id='word_1_384' title='bbox 727 3048 765 3055; x_wconf 90' lang='lat'>—</span> <span class='ocrx_word' id='word_1_385' title='bbox 784 3026 829 3061; x_wconf 75' lang='lat'>25</span> <span class='ocrx_word' id='word_1_386' title='bbox 847 3024 941 3061; x_wconf 80' lang='grc' dir='ltr'>αὐτὸν</span> <span class='ocrx_word' id='word_1_387' title='bbox 960 3024 1109 3075; x_wconf 82' lang='grc' dir='ltr'>ἁρμόζειν</span> <span class='ocrx_word' id='word_1_388' title='bbox 1137 3027 1197 3071; x_wconf 78' lang='grc'>8.,</span> <span class='ocrx_word' id='word_1_389' title='bbox 1219 3027 1280 3074; x_wconf 89' lang='lat' dir='ltr'>qui</span> <span class='ocrx_word' id='word_1_390' title='bbox 1298 3039 1368 3062; x_wconf 90' lang='lat' dir='ltr'><strong>om.</strong></span> <span class='ocrx_word' id='word_1_391' title='bbox 1394 3028 1441 3061; x_wconf 81' lang='lat'>26</span> <span class='ocrx_word' id='word_1_392' title='bbox 1460 3039 1538 3075; x_wconf 91' lang='lat' dir='ltr'><strong>sqq.</strong></span> 
     </span>
     <span class='ocr_line' id='line_1_50' title="bbox 603 3078 1544 3131; baseline 0.002 -17"><span class='ocrx_word' id='word_1_393' title='bbox 603 3078 994 3129; x_wconf 73' lang='grc' dir='ltr'>ἐκπλήττεται-ἀνδρῷα.</span> <span class='ocrx_word' id='word_1_394' title='bbox 1017 3080 1148 3127; x_wconf 83' lang='lat' dir='ltr'><strong>Regius</strong></span> <span class='ocrx_word' id='word_1_395' title='bbox 1176 3094 1184 3115; x_wconf 90' lang='lat'>:</span> <span class='ocrx_word' id='word_1_396' title='bbox 1204 3080 1360 3131; x_wconf 81' lang='grc' dir='ltr'>Κόθορνος</span> <span class='ocrx_word' id='word_1_397' title='bbox 1375 3080 1490 3130; x_wconf 87' lang='grc' dir='ltr'>κυρίως</span> <span class='ocrx_word' id='word_1_398' title='bbox 1507 3080 1544 3116; x_wconf 86' lang='grc' dir='ltr'>τὸ</span> 
     </span>
     <span class='ocr_line' id='line_1_51' title="bbox 604 3133 1543 3185; baseline 0.003 -17"><span class='ocrx_word' id='word_1_399' title='bbox 604 3133 869 3185; x_wconf 77' lang='grc' dir='ltr'>ἀμφοτεροδέξιον</span> <span class='ocrx_word' id='word_1_400' title='bbox 892 3133 1043 3182; x_wconf 71' lang='grc' dir='ltr'>ὑπόδημα</span> <span class='ocrx_word' id='word_1_401' title='bbox 1057 3148 1065 3157; x_wconf 85' lang='grc'>·</span> <span class='ocrx_word' id='word_1_402' title='bbox 1100 3135 1236 3171; x_wconf 79' lang='grc' dir='ltr'>ἐνταῦθα</span> <span class='ocrx_word' id='word_1_403' title='bbox 1260 3135 1293 3171; x_wconf 83' lang='grc' dir='ltr'>δὲ</span> <span class='ocrx_word' id='word_1_404' title='bbox 1322 3148 1543 3185; x_wconf 83' lang='grc' dir='ltr'>καταχρηστι-</span> 
     </span>
     <span class='ocr_line' id='line_1_52' title="bbox 603 3186 1542 3238; baseline -0.001 -14"><span class='ocrx_word' id='word_1_405' title='bbox 603 3189 667 3228; x_wconf 82' lang='grc' dir='ltr'>κῶς</span> <span class='ocrx_word' id='word_1_406' title='bbox 692 3188 729 3224; x_wconf 81' lang='grc' dir='ltr'>τὸ</span> <span class='ocrx_word' id='word_1_407' title='bbox 748 3193 943 3236; x_wconf 83' lang='grc' dir='ltr'>γυναικεῖον,</span> <span class='ocrx_word' id='word_1_408' title='bbox 974 3186 995 3223; x_wconf 76' lang='grc' dir='ltr'>ὅ</span> <span class='ocrx_word' id='word_1_409' title='bbox 1021 3201 1117 3238; x_wconf 84' lang='grc' dir='ltr'>φασιν</span> <span class='ocrx_word' id='word_1_410' title='bbox 1141 3189 1310 3228; x_wconf 83' lang='grc' dir='ltr'>ἰδιωτικῶς</span> <span class='ocrx_word' id='word_1_411' title='bbox 1337 3188 1542 3237; x_wconf 82' lang='grc' dir='ltr'>φελλοκάλη-</span> 
     </span>
     <span class='ocr_line' id='line_1_53' title="bbox 603 3239 1540 3291; baseline 0.003 -16"><span class='ocrx_word' id='word_1_412' title='bbox 603 3254 676 3287; x_wconf 90' lang='grc' dir='ltr'>γον·</span> <span class='ocrx_word' id='word_1_413' title='bbox 697 3241 897 3289; x_wconf 84' lang='grc' dir='ltr'>γυναικώδης</span> <span class='ocrx_word' id='word_1_414' title='bbox 912 3241 975 3291; x_wconf 67' lang='grc' dir='ltr'>γὰρ</span> <span class='ocrx_word' id='word_1_415' title='bbox 996 3239 1039 3277; x_wconf 79' lang='grc' dir='ltr'>ὢν</span> <span class='ocrx_word' id='word_1_416' title='bbox 1063 3241 1213 3282; x_wconf 87' lang='grc' dir='ltr'>Διόνυσος</span> <span class='ocrx_word' id='word_1_417' title='bbox 1228 3241 1284 3277; x_wconf 77' lang='grc' dir='ltr'>καὶ</span> <span class='ocrx_word' id='word_1_418' title='bbox 1308 3239 1464 3287; x_wconf 77' lang='grc' dir='ltr'>ἐνδύμασι</span> <span class='ocrx_word' id='word_1_419' title='bbox 1485 3242 1540 3278; x_wconf 81' lang='grc' dir='ltr'>καὶ</span> 
     </span>
     <span class='ocr_line' id='line_1_54' title="bbox 604 3294 1539 3345; baseline 0.002 -15"><span class='ocrx_word' id='word_1_420' title='bbox 604 3295 790 3343; x_wconf 69' lang='grc' dir='ltr'>ὑποδήμασι</span> <span class='ocrx_word' id='word_1_421' title='bbox 806 3295 997 3344; x_wconf 81' lang='grc' dir='ltr'>γυναικείοις</span> <span class='ocrx_word' id='word_1_422' title='bbox 1010 3296 1139 3344; x_wconf 78' lang='grc' dir='ltr'>ἐχρῆτο.</span> <span class='ocrx_word' id='word_1_423' title='bbox 1155 3319 1194 3328; x_wconf 85' lang='grc'><strong>-</strong></span> <span class='ocrx_word' id='word_1_424' title='bbox 1207 3297 1265 3341; x_wconf 89' lang='grc'>31,</span> <span class='ocrx_word' id='word_1_425' title='bbox 1283 3301 1327 3342; x_wconf 88' lang='grc'>49</span> <span class='ocrx_word' id='word_1_426' title='bbox 1341 3294 1416 3339; x_wconf 79' lang='grc' dir='ltr'>νηὸς</span> <span class='ocrx_word' id='word_1_427' title='bbox 1428 3297 1471 3332; x_wconf 87' lang='lat' dir='ltr'>V.</span> <span class='ocrx_word' id='word_1_428' title='bbox 1491 3299 1539 3345; x_wconf 95' lang='grc' dir='ltr'>Μ.</span> 
     </span>
     <span class='ocr_line' id='line_1_55' title="bbox 607 3348 1538 3400; baseline 0 -16"><span class='ocrx_word' id='word_1_429' title='bbox 607 3365 641 3377; x_wconf 80' lang='lat'>-</span> <span class='ocrx_word' id='word_1_430' title='bbox 660 3348 707 3384; x_wconf 73' lang='lat'>50</span> <span class='ocrx_word' id='word_1_431' title='bbox 734 3348 815 3385; x_wconf 67' lang='grc' dir='ltr'>κατὰ</span> <span class='ocrx_word' id='word_1_432' title='bbox 843 3355 1024 3400; x_wconf 77' lang='grc' dir='ltr'>μεταφορᾶς</span> <span class='ocrx_word' id='word_1_433' title='bbox 1049 3351 1091 3387; x_wconf 88' lang='grc' dir='ltr'>Θ.</span> <span class='ocrx_word' id='word_1_434' title='bbox 1115 3351 1151 3386; x_wconf 75' lang='grc' dir='ltr'>ἔκ</span> <span class='ocrx_word' id='word_1_435' title='bbox 1179 3355 1359 3399; x_wconf 75' lang='grc' dir='ltr'>μεταφορᾶς</span> <span class='ocrx_word' id='word_1_436' title='bbox 1377 3353 1421 3385; x_wconf 90' lang='grc' dir='ltr'>Μ.</span> <span class='ocrx_word' id='word_1_437' title='bbox 1436 3373 1473 3380; x_wconf 90' lang='grc'>-</span> <span class='ocrx_word' id='word_1_438' title='bbox 1494 3351 1538 3395; x_wconf 91' lang='grc'>33</span> 
     </span>
    </p>
   </div>
   <div class='ocr_carea' id='block_1_3' title="bbox 1568 1445 1572 1516">
    <p class='ocr_par' dir='ltr' id='par_1_13' title="bbox 1568 1445 1572 1516">
     <span class='ocr_line' id='line_1_56' title="bbox 1568 1445 1572 1516; baseline 0 0"><span class='ocrx_word' id='word_1_439' title='bbox 1568 1445 1572 1516; x_wconf 68' lang='grc' dir='ltr'>ἔ</span> 
     </span>
    </p>
   </div>
   <div class='ocr_carea' id='block_1_4' title="bbox 1304 404 1846 445">
    <p class='ocr_par' dir='ltr' id='par_1_14' title="bbox 1304 404 1846 445">
     <span class='ocr_line' id='line_1_57' title="bbox 1304 404 1846 445; baseline 0.007 -5"><span class='ocrx_word' id='word_1_440' title='bbox 1304 404 1582 442; x_wconf 82' lang='lat' dir='ltr'><strong>ADNOTATIO</strong></span> <span class='ocrx_word' id='word_1_441' title='bbox 1609 406 1658 444; x_wconf 87' lang='lat' dir='ltr'>IN</span> <span class='ocrx_word' id='word_1_442' title='bbox 1684 405 1846 445; x_wconf 79' lang='lat' dir='ltr'><strong>Senot..</strong></span> 
     </span>
    </p>
   </div>
   <div class='ocr_carea' id='block_1_5' title="bbox 1590 484 2552 3289">
    <p class='ocr_par' dir='ltr' id='par_1_15' title="bbox 1594 484 2547 634">
     <span class='ocr_line' id='line_1_58' title="bbox 1596 484 2547 539; baseline 0.002 -16"><span class='ocrx_word' id='word_1_443' title='bbox 1596 484 1763 539; x_wconf 73' lang='grc' dir='ltr'>σῦὅυρτίου</span> <span class='ocrx_word' id='word_1_444' title='bbox 1785 488 1861 536; x_wconf 85' lang='lat' dir='ltr'>(sic)</span> <span class='ocrx_word' id='word_1_445' title='bbox 1875 490 1918 524; x_wconf 82' lang='lat' dir='ltr'>R.</span> <span class='ocrx_word' id='word_1_446' title='bbox 1938 486 2087 536; x_wconf 75' lang='grc' dir='ltr'>σὸυρτίου</span> <span class='ocrx_word' id='word_1_447' title='bbox 2101 490 2144 523; x_wconf 87' lang='lat' dir='ltr'>V.</span> <span class='ocrx_word' id='word_1_448' title='bbox 2168 488 2352 537; x_wconf 84' lang='grc' dir='ltr'>συραντίας</span> <span class='ocrx_word' id='word_1_449' title='bbox 2370 488 2420 525; x_wconf 86' lang='grc' dir='ltr'>Θ.</span> <span class='ocrx_word' id='word_1_450' title='bbox 2443 504 2547 539; x_wconf 80' lang='grc' dir='ltr'>σιρυν-</span> 
     </span>
     <span class='ocr_line' id='line_1_59' title="bbox 1594 541 2547 592; baseline 0.003 -15"><span class='ocrx_word' id='word_1_451' title='bbox 1594 542 1664 578; x_wconf 87' lang='grc' dir='ltr'>τίου</span> <span class='ocrx_word' id='word_1_452' title='bbox 1693 547 1742 579; x_wconf 86' lang='grc' dir='ltr'>Μ.</span> <span class='ocrx_word' id='word_1_453' title='bbox 1773 541 1969 592; x_wconf 76' lang='grc' dir='ltr'>συμὸυρτίου</span> <span class='ocrx_word' id='word_1_454' title='bbox 1996 542 2076 579; x_wconf 80' lang='lat' dir='ltr'><strong>Ald.</strong></span> <span class='ocrx_word' id='word_1_455' title='bbox 2088 566 2127 573; x_wconf 90' lang='lat'><em>-</em></span> <span class='ocrx_word' id='word_1_456' title='bbox 2157 542 2200 587; x_wconf 84' lang='lat'>37</span> <span class='ocrx_word' id='word_1_457' title='bbox 2234 543 2299 578; x_wconf 80' lang='grc' dir='ltr'><strong>ἀπ.</strong></span> <span class='ocrx_word' id='word_1_458' title='bbox 2314 569 2325 586; x_wconf 92' lang='grc'>,</span> <span class='ocrx_word' id='word_1_459' title='bbox 2359 542 2547 580; x_wconf 74' lang='grc' dir='ltr'>Κλεισθένει</span> 
     </span>
     <span class='ocr_line' id='line_1_60' title="bbox 1595 597 1866 634; baseline 0 -1"><span class='ocrx_word' id='word_1_460' title='bbox 1595 597 1721 633; x_wconf 83' lang='lat' dir='ltr'>Suidas</span> <span class='ocrx_word' id='word_1_461' title='bbox 1742 610 1770 633; x_wconf 89' lang='lat' dir='ltr'>s.</span> <span class='ocrx_word' id='word_1_462' title='bbox 1789 598 1866 634; x_wconf 90' lang='grc' dir='ltr'>Ποῖ.</span> 
     </span>
    </p>

    <p class='ocr_par' dir='ltr' id='par_1_16' title="bbox 1594 649 2551 970">
     <span class='ocr_line' id='line_1_61' title="bbox 1646 649 2546 700; baseline 0 -14"><span class='ocrx_word' id='word_1_463' title='bbox 1646 652 1686 686; x_wconf 86' lang='lat'>51</span> <span class='ocrx_word' id='word_1_464' title='bbox 1701 678 1711 695; x_wconf 94' lang='lat'>,</span> <span class='ocrx_word' id='word_1_465' title='bbox 1732 652 1777 693; x_wconf 81' lang='grc'>43</span> <span class='ocrx_word' id='word_1_466' title='bbox 1794 649 1882 699; x_wconf 86' lang='grc' dir='ltr'>λέγει</span> <span class='ocrx_word' id='word_1_467' title='bbox 1900 663 1969 686; x_wconf 88' lang='grc'><strong>0111.</strong></span> <span class='ocrx_word' id='word_1_468' title='bbox 1990 651 2045 693; x_wconf 88' lang='grc' dir='ltr'>Θ.,</span> <span class='ocrx_word' id='word_1_469' title='bbox 2069 658 2149 697; x_wconf 82' lang='lat' dir='ltr'><strong>post</strong></span> <span class='ocrx_word' id='word_1_470' title='bbox 2171 649 2355 700; x_wconf 76' lang='grc' dir='ltr'>Ἢρακλῆς</span> <span class='ocrx_word' id='word_1_471' title='bbox 2380 651 2491 698; x_wconf 83' lang='lat' dir='ltr'><strong>pouit</strong></span> <span class='ocrx_word' id='word_1_472' title='bbox 2507 655 2546 688; x_wconf 80' lang='lat' dir='ltr'><strong>R.</strong></span> 
     </span>
     <span class='ocr_line' id='line_1_62' title="bbox 1594 703 2551 755; baseline 0.001 -16"><span class='ocrx_word' id='word_1_473' title='bbox 1594 703 1631 739; x_wconf 87' lang='grc' dir='ltr'>τὸ</span> <span class='ocrx_word' id='word_1_474' title='bbox 1646 704 1716 755; x_wconf 79' lang='grc' dir='ltr'>σφώ</span> <span class='ocrx_word' id='word_1_475' title='bbox 1733 704 1888 740; x_wconf 80' lang='lat' dir='ltr'><strong>additum</strong></span> <span class='ocrx_word' id='word_1_476' title='bbox 1902 717 1944 740; x_wconf 80' lang='lat' dir='ltr'>ex</span> <span class='ocrx_word' id='word_1_477' title='bbox 1963 707 2004 740; x_wconf 88' lang='lat' dir='ltr'>R.</span> <span class='ocrx_word' id='word_1_478' title='bbox 2021 707 2065 738; x_wconf 88' lang='lat' dir='ltr'>V.</span> <span class='ocrx_word' id='word_1_479' title='bbox 2086 705 2130 740; x_wconf 84' lang='grc' dir='ltr'>Θ.</span> <span class='ocrx_word' id='word_1_480' title='bbox 2154 704 2268 748; x_wconf 85' lang='lat' dir='ltr'><strong>M.‚in</strong></span> <span class='ocrx_word' id='word_1_481' title='bbox 2288 703 2437 752; x_wconf 84' lang='lat' dir='ltr'>quibus</span> <span class='ocrx_word' id='word_1_482' title='bbox 2457 704 2551 740; x_wconf 65' lang='lat' dir='ltr'><strong>estvb</strong></span> 
     </span>
     <span class='ocr_line' id='line_1_63' title="bbox 1595 756 2551 809; baseline -0.001 -14"><span class='ocrx_word' id='word_1_483' title='bbox 1595 760 1694 809; x_wconf 75' lang='grc' dir='ltr'>σφῶε.</span> <span class='ocrx_word' id='word_1_484' title='bbox 1709 759 1828 807; x_wconf 81' lang='lat' dir='ltr'><strong>Pergit</strong></span> <span class='ocrx_word' id='word_1_485' title='bbox 1836 762 1879 794; x_wconf 91' lang='lat' dir='ltr'>V.</span> <span class='ocrx_word' id='word_1_486' title='bbox 1893 758 1948 794; x_wconf 78' lang='grc' dir='ltr'>καὶ</span> <span class='ocrx_word' id='word_1_487' title='bbox 1963 757 2024 808; x_wconf 68' lang='grc' dir='ltr'>γὰρ</span> <span class='ocrx_word' id='word_1_488' title='bbox 2038 756 2094 794; x_wconf 86' lang='grc' dir='ltr'>δύο</span> <span class='ocrx_word' id='word_1_489' title='bbox 2111 757 2276 800; x_wconf 86' lang='grc' dir='ltr'>στίζουσιν</span> <span class='ocrx_word' id='word_1_490' title='bbox 2296 759 2349 800; x_wconf 81' lang='grc' dir='ltr'>εἷς</span> <span class='ocrx_word' id='word_1_491' title='bbox 2368 757 2429 794; x_wconf 76' lang='grc' dir='ltr'>τὸν</span> <span class='ocrx_word' id='word_1_492' title='bbox 2443 758 2551 794; x_wconf 69' lang='grc' dir='ltr'>Ἀπολ-</span> 
     </span>
     <span class='ocr_line' id='line_1_64' title="bbox 1594 810 2548 862; baseline 0.002 -15"><span class='ocrx_word' id='word_1_493' title='bbox 1594 813 1682 848; x_wconf 86' lang='grc' dir='ltr'>λωνα</span> <span class='ocrx_word' id='word_1_494' title='bbox 1706 811 1762 848; x_wconf 71' lang='grc' dir='ltr'>καὶ</span> <span class='ocrx_word' id='word_1_495' title='bbox 1795 813 1838 852; x_wconf 80' lang='grc' dir='ltr'>εἷς</span> <span class='ocrx_word' id='word_1_496' title='bbox 1862 811 1899 848; x_wconf 80' lang='grc' dir='ltr'>τὸ</span> <span class='ocrx_word' id='word_1_497' title='bbox 1925 811 2033 862; x_wconf 78' lang='grc' dir='ltr'>ἐξηγρ.</span> <span class='ocrx_word' id='word_1_498' title='bbox 2064 811 2117 847; x_wconf 90' lang='lat' dir='ltr'>lb.</span> <span class='ocrx_word' id='word_1_499' title='bbox 2136 810 2192 848; x_wconf 81' lang='grc' dir='ltr'>δύο</span> <span class='ocrx_word' id='word_1_500' title='bbox 2217 826 2296 848; x_wconf 86' lang='grc'><strong>0111.</strong></span> <span class='ocrx_word' id='word_1_501' title='bbox 2314 813 2366 849; x_wconf 82' lang='grc' dir='ltr'>Θ.</span> <span class='ocrx_word' id='word_1_502' title='bbox 2384 816 2493 849; x_wconf 81' lang='grc' dir='ltr'>Μ.-</span> <span class='ocrx_word' id='word_1_503' title='bbox 2511 818 2548 856; x_wconf 70' lang='grc'>47</span> 
     </span>
     <span class='ocr_line' id='line_1_65' title="bbox 1595 865 2551 916; baseline 0.001 -14"><span class='ocrx_word' id='word_1_504' title='bbox 1595 867 1672 916; x_wconf 73' lang='grc' dir='ltr'>φασὶ</span> <span class='ocrx_word' id='word_1_505' title='bbox 1690 867 1776 903; x_wconf 85' lang='grc' dir='ltr'>Διόν.</span> <span class='ocrx_word' id='word_1_506' title='bbox 1794 870 1836 902; x_wconf 81' lang='lat' dir='ltr'><strong>R.</strong></span> <span class='ocrx_word' id='word_1_507' title='bbox 1852 871 1893 902; x_wconf 92' lang='lat' dir='ltr'>V.</span> <span class='ocrx_word' id='word_1_508' title='bbox 1910 866 2006 916; x_wconf 74' lang='grc' dir='ltr'>φασὶν</span> <span class='ocrx_word' id='word_1_509' title='bbox 2020 868 2062 906; x_wconf 81' lang='grc' dir='ltr'>ὡς</span> <span class='ocrx_word' id='word_1_510' title='bbox 2075 865 2231 903; x_wconf 84' lang='grc' dir='ltr'>Διόνυσον</span> <span class='ocrx_word' id='word_1_511' title='bbox 2250 865 2369 915; x_wconf 80' lang='grc' dir='ltr'>λέγειν</span> <span class='ocrx_word' id='word_1_512' title='bbox 2390 870 2498 903; x_wconf 79' lang='grc' dir='ltr'>ταῦτα</span> <span class='ocrx_word' id='word_1_513' title='bbox 2510 871 2551 904; x_wconf 77' lang='grc' dir='ltr'>Μ.</span> 
     </span>
     <span class='ocr_line' id='line_1_66' title="bbox 1595 914 2308 970; baseline 0.001 -14"><span class='ocrx_word' id='word_1_514' title='bbox 1595 943 1631 950; x_wconf 91' lang='lat'><em>-</em></span> <span class='ocrx_word' id='word_1_515' title='bbox 1647 926 1692 967; x_wconf 83' lang='grc'>49</span> <span class='ocrx_word' id='word_1_516' title='bbox 1707 920 1886 964; x_wconf 85' lang='grc' dir='ltr'>δηλούντων</span> <span class='ocrx_word' id='word_1_517' title='bbox 1900 920 2023 956; x_wconf 82' lang='lat' dir='ltr'>Suidas</span> <span class='ocrx_word' id='word_1_518' title='bbox 2041 933 2069 956; x_wconf 84' lang='lat' dir='ltr'>s.</span> <span class='ocrx_word' id='word_1_519' title='bbox 2083 914 2163 970; x_wconf 71' lang='grc' dir='ltr'>Κᾷτ’</span> <span class='ocrx_word' id='word_1_520' title='bbox 2181 920 2308 969; x_wconf 78' lang='grc' dir='ltr'>ἔγωγε.</span> 
     </span>
    </p>

    <p class='ocr_par' dir='ltr' id='par_1_17' title="bbox 1594 973 2552 1240">
     <span class='ocr_line' id='line_1_67' title="bbox 1647 973 2552 1024; baseline 0.002 -15"><span class='ocrx_word' id='word_1_521' title='bbox 1647 974 1691 1010; x_wconf 85' lang='lat'>53</span> <span class='ocrx_word' id='word_1_522' title='bbox 1701 984 1714 1019; x_wconf 73' lang='lat'>⁵,</span> <span class='ocrx_word' id='word_1_523' title='bbox 1743 980 1761 1016; x_wconf 90' lang='grc'>4</span> <span class='ocrx_word' id='word_1_524' title='bbox 1783 973 1817 1010; x_wconf 80' lang='grc' dir='ltr'>δὲ</span> <span class='ocrx_word' id='word_1_525' title='bbox 1838 987 1909 1009; x_wconf 85' lang='grc'><strong>0111.</strong></span> <span class='ocrx_word' id='word_1_526' title='bbox 1939 977 2031 1010; x_wconf 88' lang='lat' dir='ltr'>R.-</span> <span class='ocrx_word' id='word_1_527' title='bbox 2049 975 2068 1008; x_wconf 80' lang='lat'><strong>5</strong></span> <span class='ocrx_word' id='word_1_528' title='bbox 2094 974 2318 1024; x_wconf 81' lang='grc' dir='ltr'>Ὑψιπύλην,</span> <span class='ocrx_word' id='word_1_529' title='bbox 2351 975 2552 1021; x_wconf 79' lang='grc' dir='ltr'>Φοινίσσας,</span> 
     </span>
     <span class='ocr_line' id='line_1_68' title="bbox 1596 1027 2551 1081; baseline 0.001 -16"><span class='ocrx_word' id='word_1_530' title='bbox 1596 1027 1763 1072; x_wconf 75' lang='grc' dir='ltr'>Ἀντιόπην</span> <span class='ocrx_word' id='word_1_531' title='bbox 1781 1032 1825 1065; x_wconf 83' lang='lat' dir='ltr'>R.</span> <span class='ocrx_word' id='word_1_532' title='bbox 1839 1031 1924 1064; x_wconf 87' lang='lat' dir='ltr'>V.-</span> <span class='ocrx_word' id='word_1_533' title='bbox 1936 1030 1958 1063; x_wconf 88' lang='grc'>6</span> <span class='ocrx_word' id='word_1_534' title='bbox 1975 1030 2183 1078; x_wconf 75' lang='grc' dir='ltr'>προεισῆλθεν</span> <span class='ocrx_word' id='word_1_535' title='bbox 2202 1030 2448 1066; x_wconf 78' lang='lat' dir='ltr'><strong>Diudorfius.</strong></span> <span class='ocrx_word' id='word_1_536' title='bbox 2461 1045 2551 1081; x_wconf 79' lang='grc' dir='ltr'>προσ-</span> 
     </span>
     <span class='ocr_line' id='line_1_69' title="bbox 1594 1083 2551 1134; baseline 0.003 -17"><span class='ocrx_word' id='word_1_537' title='bbox 1594 1083 1690 1126; x_wconf 80' lang='grc' dir='ltr'>ἥλθεν</span> <span class='ocrx_word' id='word_1_538' title='bbox 1722 1085 1763 1117; x_wconf 85' lang='lat' dir='ltr'>R.</span> <span class='ocrx_word' id='word_1_539' title='bbox 1792 1084 1975 1132; x_wconf 71' lang='grc' dir='ltr'>προσῆκται</span> <span class='ocrx_word' id='word_1_540' title='bbox 1997 1085 2036 1117; x_wconf 88' lang='lat' dir='ltr'>V.</span> <span class='ocrx_word' id='word_1_541' title='bbox 2053 1084 2096 1119; x_wconf 87' lang='grc' dir='ltr'>Θ.</span> <span class='ocrx_word' id='word_1_542' title='bbox 2124 1098 2138 1113; x_wconf 71' lang='lat' dir='ltr'>n</span> <span class='ocrx_word' id='word_1_543' title='bbox 2157 1086 2183 1118; x_wconf 80' lang='lat' dir='ltr'>F</span> <span class='ocrx_word' id='word_1_544' title='bbox 2184 1092 2259 1119; x_wconf 89' lang='lat' dir='ltr'><strong>ort.</strong></span> <span class='ocrx_word' id='word_1_545' title='bbox 2281 1086 2527 1134; x_wconf 81' lang='grc' dir='ltr'>προεισῆκται.</span> <span class='ocrx_word' id='word_1_546' title='bbox 2540 1102 2551 1115; x_wconf 76' lang='grc' dir='ltr'>ι</span> 
     </span>
     <span class='ocr_line' id='line_1_70' title="bbox 1596 1135 2551 1186; baseline 0.002 -16"><span class='ocrx_word' id='word_1_547' title='bbox 1596 1139 1705 1171; x_wconf 75' lang='lat' dir='ltr'><strong>Dum.</strong></span> <span class='ocrx_word' id='word_1_548' title='bbox 1719 1158 1757 1167; x_wconf 81' lang='lat'><em>-</em></span> <span class='ocrx_word' id='word_1_549' title='bbox 1776 1149 1794 1180; x_wconf 90' lang='lat'><strong>7</strong></span> <span class='ocrx_word' id='word_1_550' title='bbox 1814 1135 1997 1183; x_wconf 77' lang='lat' dir='ltr'><strong>legebatur</strong></span> <span class='ocrx_word' id='word_1_551' title='bbox 2013 1136 2266 1186; x_wconf 80' lang='grc' dir='ltr'>συκοφαντητέα</span> <span class='ocrx_word' id='word_1_552' title='bbox 2289 1136 2340 1173; x_wconf 71' lang='grc' dir='ltr'>τὰ</span> <span class='ocrx_word' id='word_1_553' title='bbox 2356 1152 2391 1173; x_wconf 87' lang='grc' dir='ltr'>τ.</span> <span class='ocrx_word' id='word_1_554' title='bbox 2411 1141 2457 1174; x_wconf 77' lang='lat' dir='ltr'><strong>R.</strong></span> <span class='ocrx_word' id='word_1_555' title='bbox 2469 1152 2551 1173; x_wconf 76' lang='grc' dir='ltr'>συκο-</span> 
     </span>
     <span class='ocr_line' id='line_1_71' title="bbox 1595 1185 2473 1240; baseline 0.002 -15"><span class='ocrx_word' id='word_1_556' title='bbox 1595 1195 1762 1240; x_wconf 72' lang='grc' dir='ltr'>φαντεῖται</span> <span class='ocrx_word' id='word_1_557' title='bbox 1778 1189 1835 1233; x_wconf 80' lang='grc' dir='ltr'>δὴν</span> <span class='ocrx_word' id='word_1_558' title='bbox 1848 1189 1889 1225; x_wconf 81' lang='grc' dir='ltr'>τὰ</span> <span class='ocrx_word' id='word_1_559' title='bbox 1906 1204 1935 1225; x_wconf 89' lang='grc' dir='ltr'>τ.</span> <span class='ocrx_word' id='word_1_560' title='bbox 1952 1191 1997 1226; x_wconf 87' lang='grc' dir='ltr'>Θ.</span> <span class='ocrx_word' id='word_1_561' title='bbox 2016 1189 2269 1239; x_wconf 70' lang='grc' dir='ltr'>συκοφαντητέα</span> <span class='ocrx_word' id='word_1_562' title='bbox 2282 1185 2330 1234; x_wconf 69' lang='grc' dir='ltr'>ἦν</span> <span class='ocrx_word' id='word_1_563' title='bbox 2350 1194 2473 1227; x_wconf 79' lang='grc' dir='ltr'>ταῦτα.</span> 
     </span>
    </p>

    <p class='ocr_par' dir='ltr' id='par_1_18' title="bbox 1591 1243 2549 2750">
     <span class='ocr_line' id='line_1_72' title="bbox 1647 1243 2549 1291; baseline 0.001 -12"><span class='ocrx_word' id='word_1_564' title='bbox 1647 1244 1705 1289; x_wconf 82' lang='lat'>55,</span> <span class='ocrx_word' id='word_1_565' title='bbox 1724 1258 1746 1291; x_wconf 89' lang='lat'><strong>9</strong></span> <span class='ocrx_word' id='word_1_566' title='bbox 1762 1243 1876 1281; x_wconf 82' lang='grc' dir='ltr'>ἔστιδὲ</span> <span class='ocrx_word' id='word_1_567' title='bbox 1896 1245 1990 1281; x_wconf 80' lang='grc'>9.-</span> <span class='ocrx_word' id='word_1_568' title='bbox 2010 1245 2051 1279; x_wconf 88' lang='grc'>13</span> <span class='ocrx_word' id='word_1_569' title='bbox 2069 1244 2137 1280; x_wconf 76' lang='grc' dir='ltr'>νυνὶ</span> <span class='ocrx_word' id='word_1_570' title='bbox 2163 1245 2345 1281; x_wconf 86' lang='lat' dir='ltr'><strong>additum</strong></span> <span class='ocrx_word' id='word_1_571' title='bbox 2371 1258 2421 1281; x_wconf 84' lang='lat' dir='ltr'>ex</span> <span class='ocrx_word' id='word_1_572' title='bbox 2439 1249 2483 1282; x_wconf 86' lang='lat' dir='ltr'>R.</span> <span class='ocrx_word' id='word_1_573' title='bbox 2505 1248 2549 1280; x_wconf 76' lang='grc' dir='ltr'>νῦν</span> 
     </span>
     <span class='ocr_line' id='line_1_73' title="bbox 1594 1296 2547 1346; baseline -0.002 -12"><span class='ocrx_word' id='word_1_574' title='bbox 1594 1296 1743 1346; x_wconf 82' lang='grc' dir='ltr'>λέγεσθαι</span> <span class='ocrx_word' id='word_1_575' title='bbox 1767 1302 1810 1333; x_wconf 92' lang='lat' dir='ltr'>V.</span> <span class='ocrx_word' id='word_1_576' title='bbox 1837 1298 1944 1334; x_wconf 88' lang='lat' dir='ltr'><strong>Addit</strong></span> <span class='ocrx_word' id='word_1_577' title='bbox 1972 1298 2051 1335; x_wconf 72' lang='grc' dir='ltr'>ΑΜ.</span> <span class='ocrx_word' id='word_1_578' title='bbox 2078 1310 2156 1346; x_wconf 84' lang='lat' dir='ltr'>quae</span> <span class='ocrx_word' id='word_1_579' title='bbox 2177 1298 2227 1334; x_wconf 83' lang='lat' dir='ltr'>ab</span> <span class='ocrx_word' id='word_1_580' title='bbox 2255 1302 2426 1335; x_wconf 74' lang='lat' dir='ltr'>Musam</span> <span class='ocrx_word' id='word_1_581' title='bbox 2447 1300 2547 1335; x_wconf 79' lang='lat' dir='ltr'><strong>aliove</strong></span> 
     </span>
     <span class='ocr_line' id='line_1_74' title="bbox 1595 1352 2548 1402; baseline 0.001 -14"><span class='ocrx_word' id='word_1_582' title='bbox 1595 1354 1722 1389; x_wconf 71' lang='lat' dir='ltr'><strong>inlimae</strong></span> <span class='ocrx_word' id='word_1_583' title='bbox 1737 1354 1846 1388; x_wconf 78' lang='lat' dir='ltr'><strong>aetatis</strong></span> <span class='ocrx_word' id='word_1_584' title='bbox 1860 1353 2088 1400; x_wconf 79' lang='lat' dir='ltr'><strong>grammatico</strong></span> <span class='ocrx_word' id='word_1_585' title='bbox 2097 1352 2242 1400; x_wconf 78' lang='lat' dir='ltr'><strong>adjecta</strong></span> <span class='ocrx_word' id='word_1_586' title='bbox 2258 1366 2347 1389; x_wconf 85' lang='lat' dir='ltr'>esse</span> <span class='ocrx_word' id='word_1_587' title='bbox 2367 1354 2486 1402; x_wconf 80' lang='lat' dir='ltr'><strong>ipsum</strong></span> <span class='ocrx_word' id='word_1_588' title='bbox 2501 1366 2548 1388; x_wconf 75' lang='lat' dir='ltr'>ex·</span> 
     </span>
     <span class='ocr_line' id='line_1_75' title="bbox 1595 1406 2546 1456; baseline 0.001 -14"><span class='ocrx_word' id='word_1_589' title='bbox 1595 1408 1732 1443; x_wconf 76' lang='lat' dir='ltr'><strong>ordinm</strong></span> <span class='ocrx_word' id='word_1_590' title='bbox 1753 1407 1867 1451; x_wconf 73' lang='lat' dir='ltr'><strong>docet,</strong></span> <span class='ocrx_word' id='word_1_591' title='bbox 1884 1406 2019 1447; x_wconf 85' lang='grc' dir='ltr'>Ἄλλως.</span> <span class='ocrx_word' id='word_1_592' title='bbox 2032 1406 2193 1456; x_wconf 74' lang='grc' dir='ltr'>γράφεται</span> <span class='ocrx_word' id='word_1_593' title='bbox 2204 1407 2356 1456; x_wconf 77' lang='grc' dir='ltr'>μακρός.</span> <span class='ocrx_word' id='word_1_594' title='bbox 2373 1406 2431 1443; x_wconf 73' lang='grc' dir='ltr'>ἵνα</span> <span class='ocrx_word' id='word_1_595' title='bbox 2441 1410 2459 1443; x_wconf 79' lang='grc' dir='ltr'>ὁ</span> <span class='ocrx_word' id='word_1_596' title='bbox 2474 1408 2546 1456; x_wconf 72' lang='grc' dir='ltr'>Κρο·</span> 
     </span>
     <span class='ocr_line' id='line_1_76' title="bbox 1594 1459 2543 1510; baseline 0 -13"><span class='ocrx_word' id='word_1_597' title='bbox 1594 1461 1751 1506; x_wconf 82' lang='grc' dir='ltr'>τωνιάτης</span> <span class='ocrx_word' id='word_1_598' title='bbox 1779 1464 1893 1505; x_wconf 71' lang='grc' dir='ltr'>νοῆται</span> <span class='ocrx_word' id='word_1_599' title='bbox 1907 1489 1916 1506; x_wconf 91' lang='grc'>,</span> <span class='ocrx_word' id='word_1_600' title='bbox 1945 1459 2026 1510; x_wconf 78' lang='grc' dir='ltr'>ἀνὴρ</span> <span class='ocrx_word' id='word_1_601' title='bbox 2051 1460 2189 1510; x_wconf 82' lang='grc' dir='ltr'>μεγάλῳ</span> <span class='ocrx_word' id='word_1_602' title='bbox 2215 1459 2362 1508; x_wconf 82' lang='grc' dir='ltr'>σώματι</span> <span class='ocrx_word' id='word_1_603' title='bbox 2394 1459 2483 1510; x_wconf 73' lang='grc' dir='ltr'>παρὰ</span> <span class='ocrx_word' id='word_1_604' title='bbox 2498 1463 2543 1502; x_wconf 72' lang='grc' dir='ltr'>τῖς</span> 
     </span>
     <span class='ocr_line' id='line_1_77' title="bbox 1594 1513 2542 1564; baseline -0.002 -13"><span class='ocrx_word' id='word_1_605' title='bbox 1594 1515 1715 1564; x_wconf 80' lang='grc' dir='ltr'>φύσεως</span> <span class='ocrx_word' id='word_1_606' title='bbox 1731 1513 1980 1562; x_wconf 81' lang='grc' dir='ltr'>κεκοσμημένος,</span> <span class='ocrx_word' id='word_1_607' title='bbox 1995 1516 2038 1555; x_wconf 80' lang='grc' dir='ltr'>ὣς</span> <span class='ocrx_word' id='word_1_608' title='bbox 2048 1519 2113 1555; x_wconf 82' lang='grc' dir='ltr'>τοῖς</span> <span class='ocrx_word' id='word_1_609' title='bbox 2127 1515 2233 1563; x_wconf 78' lang='grc' dir='ltr'>ἐρῶσι</span> <span class='ocrx_word' id='word_1_610' title='bbox 2249 1516 2424 1564; x_wconf 79' lang='grc' dir='ltr'>παρέχειν</span> <span class='ocrx_word' id='word_1_611' title='bbox 2439 1515 2542 1557; x_wconf 72' lang='grc' dir='ltr'>ἔκπλη-</span> 
     </span>
     <span class='ocr_line' id='line_1_78' title="bbox 1595 1567 2540 1618; baseline -0.003 -14"><span class='ocrx_word' id='word_1_612' title='bbox 1595 1568 1653 1611; x_wconf 83' lang='grc' dir='ltr'>ξιν.</span> <span class='ocrx_word' id='word_1_613' title='bbox 1672 1585 1686 1600; x_wconf 86' lang='grc'>«</span> <span class='ocrx_word' id='word_1_614' title='bbox 1701 1568 1845 1616; x_wconf 80' lang='grc' dir='ltr'>ἐγένοντο</span> <span class='ocrx_word' id='word_1_615' title='bbox 1860 1567 1893 1615; x_wconf 64' lang='grc' dir='ltr'>δὲ,</span> <span class='ocrx_word' id='word_1_616' title='bbox 1912 1569 2000 1617; x_wconf 80' lang='grc' dir='ltr'>αὐτῷ</span> <span class='ocrx_word' id='word_1_617' title='bbox 2018 1567 2050 1610; x_wconf 75' lang='grc' dir='ltr'>ἓξ</span> <span class='ocrx_word' id='word_1_618' title='bbox 2073 1568 2106 1603; x_wconf 76' lang='grc' dir='ltr'>ἓν</span> <span class='ocrx_word' id='word_1_619' title='bbox 2125 1568 2314 1618; x_wconf 68' lang='grc' dir='ltr'>Ὀλυμπίᾳ</span> <span class='ocrx_word' id='word_1_620' title='bbox 2339 1569 2434 1618; x_wconf 78' lang='grc' dir='ltr'>πάλῃ</span> <span class='ocrx_word' id='word_1_621' title='bbox 2447 1574 2540 1604; x_wconf 68' lang='grc' dir='ltr'>νῖκαι·</span> 
     </span>
     <span class='ocr_line' id='line_1_79' title="bbox 1595 1620 2537 1672; baseline -0.002 -14"><span class='ocrx_word' id='word_1_622' title='bbox 1595 1622 1654 1670; x_wconf 85' lang='grc' dir='ltr'>μία</span> <span class='ocrx_word' id='word_1_623' title='bbox 1671 1622 1697 1658; x_wconf 82' lang='grc' dir='ltr'>δ’</span> <span class='ocrx_word' id='word_1_624' title='bbox 1713 1624 1746 1659; x_wconf 84' lang='grc' dir='ltr'>ἐν</span> <span class='ocrx_word' id='word_1_625' title='bbox 1761 1622 1872 1657; x_wconf 71' lang='grc' dir='ltr'>παισὶν</span> <span class='ocrx_word' id='word_1_626' title='bbox 1890 1621 1924 1664; x_wconf 77' lang='grc' dir='ltr'>ἐξ</span> <span class='ocrx_word' id='word_1_627' title='bbox 1946 1622 2064 1657; x_wconf 78' lang='grc' dir='ltr'>αὐτῶν.</span> <span class='ocrx_word' id='word_1_628' title='bbox 2081 1623 2191 1658; x_wconf 83' lang='grc' dir='ltr'>Πυθοῖ</span> <span class='ocrx_word' id='word_1_629' title='bbox 2210 1620 2245 1657; x_wconf 79' lang='grc' dir='ltr'>δὲ</span> <span class='ocrx_word' id='word_1_630' title='bbox 2273 1622 2311 1659; x_wconf 81' lang='grc' dir='ltr'>ἔν</span> <span class='ocrx_word' id='word_1_631' title='bbox 2338 1637 2378 1659; x_wconf 73' lang='grc' dir='ltr'>τι</span> <span class='ocrx_word' id='word_1_632' title='bbox 2401 1621 2537 1672; x_wconf 77' lang='grc' dir='ltr'>ἀνδράσιν</span> 
     </span>
     <span class='ocr_line' id='line_1_80' title="bbox 1594 1673 2537 1724; baseline -0.004 -11"><span class='ocrx_word' id='word_1_633' title='bbox 1594 1675 1638 1719; x_wconf 77' lang='grc' dir='ltr'>ἓξ,</span> <span class='ocrx_word' id='word_1_634' title='bbox 1650 1676 1705 1713; x_wconf 72' lang='grc' dir='ltr'>καὶ</span> <span class='ocrx_word' id='word_1_635' title='bbox 1721 1674 1780 1723; x_wconf 89' lang='grc' dir='ltr'>μία</span> <span class='ocrx_word' id='word_1_636' title='bbox 1797 1676 1934 1711; x_wconf 75' lang='grc' dir='ltr'>ἐνταῦθα</span> <span class='ocrx_word' id='word_1_637' title='bbox 1949 1676 1980 1711; x_wconf 72' lang='grc' dir='ltr'>ἐν</span> <span class='ocrx_word' id='word_1_638' title='bbox 1994 1673 2118 1709; x_wconf 86' lang='grc' dir='ltr'>παισίν.</span> <span class='ocrx_word' id='word_1_639' title='bbox 2130 1674 2274 1724; x_wconf 75' lang='grc' dir='ltr'>ἄφίκετο</span> <span class='ocrx_word' id='word_1_640' title='bbox 2289 1675 2328 1711; x_wconf 67' lang='grc' dir='ltr'>δὲ</span> <span class='ocrx_word' id='word_1_641' title='bbox 2343 1676 2402 1712; x_wconf 80' lang='grc' dir='ltr'>καὶ</span> <span class='ocrx_word' id='word_1_642' title='bbox 2418 1675 2537 1722; x_wconf 74' lang='grc' dir='ltr'>ἔὸδομον</span> 
     </span>
     <span class='ocr_line' id='line_1_81' title="bbox 1593 1723 2537 1779; baseline -0.001 -13"><span class='ocrx_word' id='word_1_643' title='bbox 1593 1730 1760 1767; x_wconf 86' lang='grc' dir='ltr'>παλαίσων</span> <span class='ocrx_word' id='word_1_644' title='bbox 1778 1731 1810 1771; x_wconf 82' lang='grc' dir='ltr'>ἐς</span> <span class='ocrx_word' id='word_1_645' title='bbox 1823 1729 2008 1777; x_wconf 87' lang='grc' dir='ltr'>Ὀλυμπίαν</span> <span class='ocrx_word' id='word_1_646' title='bbox 2023 1756 2032 1774; x_wconf 89' lang='grc'>,</span> <span class='ocrx_word' id='word_1_647' title='bbox 2050 1727 2131 1764; x_wconf 73' lang='grc' dir='ltr'>ἀλλὰ</span> <span class='ocrx_word' id='word_1_648' title='bbox 2158 1727 2223 1779; x_wconf 73' lang='grc' dir='ltr'>γὰρ</span> <span class='ocrx_word' id='word_1_649' title='bbox 2242 1731 2309 1766; x_wconf 75' lang='grc' dir='ltr'>οὐκ</span> <span class='ocrx_word' id='word_1_650' title='bbox 2336 1729 2464 1777; x_wconf 76' lang='grc' dir='ltr'>ἐγένετο</span> <span class='ocrx_word' id='word_1_651' title='bbox 2487 1723 2537 1767; x_wconf 71' lang='grc' dir='ltr'>οἷός</span> 
     </span>
     <span class='ocr_line' id='line_1_82' title="bbox 1591 1782 2535 1829; baseline -0.003 -8"><span class='ocrx_word' id='word_1_652' title='bbox 1591 1800 1628 1821; x_wconf 83' lang='grc' dir='ltr'>τε</span> <span class='ocrx_word' id='word_1_653' title='bbox 1650 1786 1893 1821; x_wconf 76' lang='grc' dir='ltr'>καταπαλαῖσαι</span> <span class='ocrx_word' id='word_1_654' title='bbox 1918 1782 2114 1829; x_wconf 84' lang='grc' dir='ltr'>Τιμασίθεον</span> <span class='ocrx_word' id='word_1_655' title='bbox 2131 1782 2281 1828; x_wconf 88' lang='grc' dir='ltr'>πολίτην</span> <span class='ocrx_word' id='word_1_656' title='bbox 2297 1798 2337 1820; x_wconf 80' lang='grc' dir='ltr'>τε</span> <span class='ocrx_word' id='word_1_657' title='bbox 2357 1784 2438 1820; x_wconf 80' lang='grc' dir='ltr'>ὄντα</span> <span class='ocrx_word' id='word_1_658' title='bbox 2453 1784 2535 1819; x_wconf 69' lang='grc' dir='ltr'>αὖτοῧ</span> 
     </span>
     <span class='ocr_line' id='line_1_83' title="bbox 1592 1836 2535 1888; baseline -0.002 -12"><span class='ocrx_word' id='word_1_659' title='bbox 1592 1838 1648 1876; x_wconf 81' lang='grc' dir='ltr'>καὶ</span> <span class='ocrx_word' id='word_1_660' title='bbox 1668 1839 1781 1888; x_wconf 75' lang='grc' dir='ltr'>ἡλικία</span> <span class='ocrx_word' id='word_1_661' title='bbox 1801 1838 1883 1875; x_wconf 86' lang='grc' dir='ltr'>νέον.</span> <span class='ocrx_word' id='word_1_662' title='bbox 1910 1836 2039 1886; x_wconf 86' lang='grc' dir='ltr'>λέγεται</span> <span class='ocrx_word' id='word_1_663' title='bbox 2061 1836 2096 1872; x_wconf 77' lang='grc' dir='ltr'>δὲ</span> <span class='ocrx_word' id='word_1_664' title='bbox 2121 1836 2180 1872; x_wconf 78' lang='grc' dir='ltr'>καὶ</span> <span class='ocrx_word' id='word_1_665' title='bbox 2201 1839 2248 1878; x_wconf 83' lang='grc' dir='ltr'>ὡς</span> <span class='ocrx_word' id='word_1_666' title='bbox 2269 1838 2440 1886; x_wconf 80' lang='grc' dir='ltr'>κομίσειεν</span> <span class='ocrx_word' id='word_1_667' title='bbox 2458 1836 2535 1877; x_wconf 67' lang='grc' dir='ltr'>αὐτὸς</span> 
     </span>
     <span class='ocr_line' id='line_1_84' title="bbox 1594 1890 2532 1942; baseline -0.001 -13"><span class='ocrx_word' id='word_1_668' title='bbox 1594 1895 1689 1929; x_wconf 74' lang='grc' dir='ltr'>αὑτοῦ</span> <span class='ocrx_word' id='word_1_669' title='bbox 1707 1891 1760 1929; x_wconf 77' lang='grc' dir='ltr'>τὸν</span> <span class='ocrx_word' id='word_1_670' title='bbox 1780 1891 1953 1942; x_wconf 78' lang='grc' dir='ltr'>ἀνδριάντα</span> <span class='ocrx_word' id='word_1_671' title='bbox 1979 1893 2011 1932; x_wconf 76' lang='grc' dir='ltr'>ἐς</span> <span class='ocrx_word' id='word_1_672' title='bbox 2024 1890 2147 1927; x_wconf 80' lang='grc' dir='ltr'>Ἄλτιν.</span> <span class='ocrx_word' id='word_1_673' title='bbox 2176 1890 2320 1939; x_wconf 81' lang='grc' dir='ltr'>λέγεται</span> <span class='ocrx_word' id='word_1_674' title='bbox 2342 1891 2379 1928; x_wconf 72' lang='grc' dir='ltr'>δὲ</span> <span class='ocrx_word' id='word_1_675' title='bbox 2397 1893 2431 1932; x_wconf 70' lang='grc' dir='ltr'>ἐς</span> <span class='ocrx_word' id='word_1_676' title='bbox 2453 1891 2532 1927; x_wconf 67' lang='grc' dir='ltr'>αὐτὸν</span> 
     </span>
     <span class='ocr_line' id='line_1_85' title="bbox 1593 1943 2531 1995; baseline -0.003 -13"><span class='ocrx_word' id='word_1_677' title='bbox 1593 1946 1647 1983; x_wconf 73' lang='grc' dir='ltr'>καὶ</span> <span class='ocrx_word' id='word_1_678' title='bbox 1661 1946 1698 1982; x_wconf 79' lang='grc' dir='ltr'>τὸ</span> <span class='ocrx_word' id='word_1_679' title='bbox 1719 1945 1772 1981; x_wconf 82' lang='grc' dir='ltr'>ἐπὶ</span> <span class='ocrx_word' id='word_1_680' title='bbox 1789 1948 1830 1995; x_wconf 76' lang='grc' dir='ltr'>τῇ</span> <span class='ocrx_word' id='word_1_681' title='bbox 1850 1948 1920 1995; x_wconf 74' lang='grc' dir='ltr'>ῥοιᾷ</span> <span class='ocrx_word' id='word_1_682' title='bbox 1944 1944 1999 1982; x_wconf 77' lang='grc' dir='ltr'>καὶ</span> <span class='ocrx_word' id='word_1_683' title='bbox 2026 1944 2078 1981; x_wconf 75' lang='grc' dir='ltr'>ἐπὶ</span> <span class='ocrx_word' id='word_1_684' title='bbox 2098 1946 2147 1993; x_wconf 80' lang='grc' dir='ltr'>τῷ</span> <span class='ocrx_word' id='word_1_685' title='bbox 2165 1943 2291 1994; x_wconf 77' lang='grc' dir='ltr'>δίσκῳ.</span> <span class='ocrx_word' id='word_1_686' title='bbox 2321 1944 2412 1994; x_wconf 74' lang='grc' dir='ltr'>ῥοιὰν</span> <span class='ocrx_word' id='word_1_687' title='bbox 2433 1945 2488 1993; x_wconf 84' lang='grc' dir='ltr'>μὲν</span> <span class='ocrx_word' id='word_1_688' title='bbox 2501 1943 2531 1987; x_wconf 68' lang='grc' dir='ltr'>δὲ</span> 
     </span>
     <span class='ocr_line' id='line_1_86' title="bbox 1593 1995 2529 2048; baseline -0.003 -12"><span class='ocrx_word' id='word_1_689' title='bbox 1593 1999 1693 2041; x_wconf 70' lang='grc' dir='ltr'>οὕτως</span> <span class='ocrx_word' id='word_1_690' title='bbox 1710 1995 1778 2048; x_wconf 71' lang='grc' dir='ltr'>εἶχε</span> <span class='ocrx_word' id='word_1_691' title='bbox 1796 1998 1990 2048; x_wconf 84' lang='grc' dir='ltr'>βιαζομένην</span> <span class='ocrx_word' id='word_1_692' title='bbox 2001 2027 2012 2046; x_wconf 89' lang='grc'>,</span> <span class='ocrx_word' id='word_1_693' title='bbox 2030 1997 2115 2034; x_wconf 77' lang='grc' dir='ltr'>ὥστε</span> <span class='ocrx_word' id='word_1_694' title='bbox 2131 1998 2231 2040; x_wconf 80' lang='grc' dir='ltr'>αὐτὸς</span> <span class='ocrx_word' id='word_1_695' title='bbox 2246 1999 2461 2048; x_wconf 61' lang='grc' dir='ltr'>λυμήνασθαι</span> <span class='ocrx_word' id='word_1_696' title='bbox 2471 1997 2529 2033; x_wconf 79' lang='grc' dir='ltr'>πιέ-</span> 
     </span>
     <span class='ocr_line' id='line_1_87' title="bbox 1593 2050 2530 2102; baseline -0.001 -13"><span class='ocrx_word' id='word_1_697' title='bbox 1593 2055 1666 2096; x_wconf 88' lang='grc' dir='ltr'>ζων.</span> <span class='ocrx_word' id='word_1_698' title='bbox 1682 2054 1850 2102; x_wconf 76' lang='grc' dir='ltr'>ἱστάμενος</span> <span class='ocrx_word' id='word_1_699' title='bbox 1864 2052 1897 2088; x_wconf 82' lang='grc' dir='ltr'>δὲ</span> <span class='ocrx_word' id='word_1_700' title='bbox 1914 2052 1966 2089; x_wconf 80' lang='grc' dir='ltr'>ἐπὶ</span> <span class='ocrx_word' id='word_1_701' title='bbox 1988 2050 2203 2101; x_wconf 78' lang='grc' dir='ltr'>ἀληλιμμένῳ</span> <span class='ocrx_word' id='word_1_702' title='bbox 2220 2055 2275 2102; x_wconf 81' lang='grc' dir='ltr'>τῷ</span> <span class='ocrx_word' id='word_1_703' title='bbox 2292 2053 2399 2101; x_wconf 78' lang='grc' dir='ltr'>δίσκῳ</span> <span class='ocrx_word' id='word_1_704' title='bbox 2422 2052 2530 2100; x_wconf 74' lang='grc' dir='ltr'>γέλωτα</span> 
     </span>
     <span class='ocr_line' id='line_1_88' title="bbox 1593 2105 2530 2155; baseline -0.002 -12"><span class='ocrx_word' id='word_1_705' title='bbox 1593 2108 1732 2144; x_wconf 73' lang='grc' dir='ltr'>ἐποιεῖτο</span> <span class='ocrx_word' id='word_1_706' title='bbox 1754 2107 1826 2148; x_wconf 79' lang='grc' dir='ltr'>τοὺς</span> <span class='ocrx_word' id='word_1_707' title='bbox 1845 2105 2062 2155; x_wconf 77' lang='grc' dir='ltr'>ἐμπίπτοντάς</span> <span class='ocrx_word' id='word_1_708' title='bbox 2074 2120 2109 2141; x_wconf 87' lang='grc' dir='ltr'>τε</span> <span class='ocrx_word' id='word_1_709' title='bbox 2125 2106 2184 2143; x_wconf 76' lang='grc' dir='ltr'>καὶ</span> <span class='ocrx_word' id='word_1_710' title='bbox 2207 2107 2383 2147; x_wconf 77' lang='grc' dir='ltr'>ὠθοῦντας</span> <span class='ocrx_word' id='word_1_711' title='bbox 2403 2106 2465 2142; x_wconf 77' lang='grc' dir='ltr'>ἀπὸ</span> <span class='ocrx_word' id='word_1_712' title='bbox 2487 2108 2530 2140; x_wconf 71' lang='grc' dir='ltr'>τοῦ</span> 
     </span>
     <span class='ocr_line' id='line_1_89' title="bbox 1593 2159 2529 2209; baseline -0.003 -12"><span class='ocrx_word' id='word_1_713' title='bbox 1593 2161 1714 2198; x_wconf 82' lang='grc' dir='ltr'>δίσκου.</span> <span class='ocrx_word' id='word_1_714' title='bbox 1736 2164 1905 2197; x_wconf 80' lang='grc' dir='ltr'>ἀποθανεῖν</span> <span class='ocrx_word' id='word_1_715' title='bbox 1920 2159 1954 2197; x_wconf 77' lang='grc' dir='ltr'>δὲ</span> <span class='ocrx_word' id='word_1_716' title='bbox 1972 2159 2034 2197; x_wconf 80' lang='grc' dir='ltr'>ὑπὸ</span> <span class='ocrx_word' id='word_1_717' title='bbox 2047 2159 2168 2209; x_wconf 83' lang='grc' dir='ltr'>θηρίων</span> <span class='ocrx_word' id='word_1_718' title='bbox 2182 2159 2289 2209; x_wconf 78' lang='grc' dir='ltr'>φασὶν</span> <span class='ocrx_word' id='word_1_719' title='bbox 2303 2159 2416 2197; x_wconf 76' lang='grc' dir='ltr'>αὐτόν.</span> <span class='ocrx_word' id='word_1_720' title='bbox 2430 2162 2529 2196; x_wconf 82' lang='grc' dir='ltr'>ἐπιτυ-</span> 
     </span>
     <span class='ocr_line' id='line_1_90' title="bbox 1592 2213 2529 2266; baseline -0.003 -14"><span class='ocrx_word' id='word_1_721' title='bbox 1592 2221 1662 2264; x_wconf 84' lang='grc' dir='ltr'>χεῖν</span> <span class='ocrx_word' id='word_1_722' title='bbox 1680 2215 1740 2266; x_wconf 76' lang='grc' dir='ltr'>γὰρ</span> <span class='ocrx_word' id='word_1_723' title='bbox 1755 2215 1849 2252; x_wconf 79' lang='grc' dir='ltr'>αὐτὸν</span> <span class='ocrx_word' id='word_1_724' title='bbox 1864 2216 1896 2251; x_wconf 79' lang='grc' dir='ltr'>ἐν</span> <span class='ocrx_word' id='word_1_725' title='bbox 1912 2218 1952 2264; x_wconf 82' lang='grc' dir='ltr'>τῇ</span> <span class='ocrx_word' id='word_1_726' title='bbox 1969 2213 2205 2264; x_wconf 83' lang='grc' dir='ltr'>Κροτωνιάτιδι</span> <span class='ocrx_word' id='word_1_727' title='bbox 2219 2214 2435 2264; x_wconf 74' lang='grc' dir='ltr'>αὐαινομένῳ</span> <span class='ocrx_word' id='word_1_728' title='bbox 2450 2213 2529 2261; x_wconf 69' lang='grc' dir='ltr'>ξύλῳ·</span> 
     </span>
     <span class='ocr_line' id='line_1_91' title="bbox 1593 2266 2529 2320; baseline -0.003 -15"><span class='ocrx_word' id='word_1_729' title='bbox 1593 2272 1708 2320; x_wconf 78' lang='grc' dir='ltr'>σφῆνες</span> <span class='ocrx_word' id='word_1_730' title='bbox 1728 2269 1761 2305; x_wconf 83' lang='grc' dir='ltr'>δὲ</span> <span class='ocrx_word' id='word_1_731' title='bbox 1788 2269 1965 2318; x_wconf 81' lang='grc' dir='ltr'>ἐγκείμενοι</span> <span class='ocrx_word' id='word_1_732' title='bbox 1986 2267 2142 2304; x_wconf 85' lang='grc' dir='ltr'>δίστασαν</span> <span class='ocrx_word' id='word_1_733' title='bbox 2163 2267 2204 2304; x_wconf 76' lang='grc' dir='ltr'>τὸ</span> <span class='ocrx_word' id='word_1_734' title='bbox 2234 2266 2333 2310; x_wconf 77' lang='grc' dir='ltr'>ξύλον</span> <span class='ocrx_word' id='word_1_735' title='bbox 2346 2282 2356 2292; x_wconf 84' lang='grc'><em>·</em></span> <span class='ocrx_word' id='word_1_736' title='bbox 2381 2271 2400 2305; x_wconf 82' lang='grc' dir='ltr'><strong>ὃ</strong></span> <span class='ocrx_word' id='word_1_737' title='bbox 2427 2266 2460 2304; x_wconf 75' lang='grc' dir='ltr'>δὲ</span> <span class='ocrx_word' id='word_1_738' title='bbox 2481 2266 2529 2302; x_wconf 62' lang='grc' dir='ltr'>ὑπὸ</span> 
     </span>
     <span class='ocr_line' id='line_1_92' title="bbox 1593 2319 2528 2373; baseline -0.002 -14"><span class='ocrx_word' id='word_1_739' title='bbox 1593 2322 1798 2373; x_wconf 80' lang='grc' dir='ltr'>φρονήματος</span> <span class='ocrx_word' id='word_1_740' title='bbox 1810 2326 1828 2359; x_wconf 84' lang='grc' dir='ltr'><strong>ὁ</strong></span> <span class='ocrx_word' id='word_1_741' title='bbox 1843 2323 1957 2359; x_wconf 88' lang='grc' dir='ltr'>Μίλων</span> <span class='ocrx_word' id='word_1_742' title='bbox 1978 2321 2109 2366; x_wconf 84' lang='grc' dir='ltr'>καθίησι</span> <span class='ocrx_word' id='word_1_743' title='bbox 2122 2319 2181 2362; x_wconf 75' lang='grc' dir='ltr'>τὰς</span> <span class='ocrx_word' id='word_1_744' title='bbox 2193 2327 2318 2372; x_wconf 84' lang='grc' dir='ltr'>χεῖρας</span> <span class='ocrx_word' id='word_1_745' title='bbox 2332 2324 2368 2364; x_wconf 79' lang='grc' dir='ltr'>ἐς</span> <span class='ocrx_word' id='word_1_746' title='bbox 2380 2322 2421 2359; x_wconf 82' lang='grc' dir='ltr'>τὸ</span> <span class='ocrx_word' id='word_1_747' title='bbox 2434 2321 2512 2364; x_wconf 69' lang='grc' dir='ltr'>ξύλον</span> <span class='ocrx_word' id='word_1_748' title='bbox 2521 2334 2528 2341; x_wconf 95' lang='grc'><em>·</em></span> 
     </span>
     <span class='ocr_line' id='line_1_93' title="bbox 1592 2375 2527 2427; baseline -0.002 -14"><span class='ocrx_word' id='word_1_749' title='bbox 1592 2377 1795 2414; x_wconf 87' lang='grc' dir='ltr'>ὀλισθάνουσί</span> <span class='ocrx_word' id='word_1_750' title='bbox 1813 2392 1850 2413; x_wconf 91' lang='grc' dir='ltr'>τε</span> <span class='ocrx_word' id='word_1_751' title='bbox 1867 2376 1905 2422; x_wconf 86' lang='grc' dir='ltr'>δὴ</span> <span class='ocrx_word' id='word_1_752' title='bbox 1923 2379 1954 2413; x_wconf 78' lang='grc' dir='ltr'>οἱ</span> <span class='ocrx_word' id='word_1_753' title='bbox 1985 2380 2111 2427; x_wconf 73' lang='grc' dir='ltr'>σφῆνες.</span> <span class='ocrx_word' id='word_1_754' title='bbox 2129 2376 2184 2412; x_wconf 82' lang='grc' dir='ltr'>καὶ</span> <span class='ocrx_word' id='word_1_755' title='bbox 2212 2375 2380 2425; x_wconf 80' lang='grc' dir='ltr'>ἐχόμενος</span> <span class='ocrx_word' id='word_1_756' title='bbox 2407 2376 2467 2412; x_wconf 72' lang='grc' dir='ltr'>ὑπὸ</span> <span class='ocrx_word' id='word_1_757' title='bbox 2487 2377 2527 2411; x_wconf 83' lang='grc' dir='ltr'>τοῦ</span> 
     </span>
     <span class='ocr_line' id='line_1_94' title="bbox 1594 2430 2527 2480; baseline 0 -13"><span class='ocrx_word' id='word_1_758' title='bbox 1594 2430 1686 2474; x_wconf 72' lang='grc' dir='ltr'>ξύλου</span> <span class='ocrx_word' id='word_1_759' title='bbox 1699 2431 1808 2474; x_wconf 88' lang='grc' dir='ltr'>λύκοις</span> <span class='ocrx_word' id='word_1_760' title='bbox 1822 2432 1946 2479; x_wconf 73' lang='grc' dir='ltr'>ἐγένετο</span> <span class='ocrx_word' id='word_1_761' title='bbox 1964 2430 2101 2480; x_wconf 70' lang='grc' dir='ltr'>εὕρημα.</span> <span class='ocrx_word' id='word_1_762' title='bbox 2120 2430 2274 2477; x_wconf 73' lang='grc' dir='ltr'>μάλιστα</span> <span class='ocrx_word' id='word_1_763' title='bbox 2292 2432 2330 2468; x_wconf 82' lang='grc' dir='ltr'>δέ</span> <span class='ocrx_word' id='word_1_764' title='bbox 2344 2446 2419 2473; x_wconf 77' lang='grc' dir='ltr'>πως</span> <span class='ocrx_word' id='word_1_765' title='bbox 2431 2430 2466 2467; x_wconf 73' lang='grc' dir='ltr'>τὸ</span> <span class='ocrx_word' id='word_1_766' title='bbox 2480 2432 2527 2472; x_wconf 84' lang='grc' dir='ltr'>θη·</span> 
     </span>
     <span class='ocr_line' id='line_1_95' title="bbox 1594 2482 2527 2535; baseline -0.003 -14"><span class='ocrx_word' id='word_1_767' title='bbox 1594 2485 1659 2535; x_wconf 87' lang='grc' dir='ltr'>ρίον</span> <span class='ocrx_word' id='word_1_768' title='bbox 1674 2489 1766 2522; x_wconf 81' lang='grc' dir='ltr'>τοῦτο</span> <span class='ocrx_word' id='word_1_769' title='bbox 1780 2487 1813 2521; x_wconf 84' lang='grc' dir='ltr'>ἐν</span> <span class='ocrx_word' id='word_1_770' title='bbox 1839 2487 1880 2534; x_wconf 81' lang='grc' dir='ltr'>τῇ</span> <span class='ocrx_word' id='word_1_771' title='bbox 1899 2482 2135 2535; x_wconf 86' lang='grc' dir='ltr'>Κροτωνιάτιδι</span> <span class='ocrx_word' id='word_1_772' title='bbox 2154 2484 2244 2520; x_wconf 88' lang='grc' dir='ltr'>πολύ</span> <span class='ocrx_word' id='word_1_773' title='bbox 2266 2498 2304 2521; x_wconf 80' lang='grc' dir='ltr'>τε</span> <span class='ocrx_word' id='word_1_774' title='bbox 2335 2485 2467 2534; x_wconf 80' lang='grc' dir='ltr'>νέμεται</span> <span class='ocrx_word' id='word_1_775' title='bbox 2485 2482 2527 2518; x_wconf 71' lang='grc' dir='ltr'>καὶ</span> 
     </span>
     <span class='ocr_line' id='line_1_96' title="bbox 1593 2537 2527 2590; baseline -0.003 -15"><span class='ocrx_word' id='word_1_776' title='bbox 1593 2539 1740 2590; x_wconf 78' lang='grc' dir='ltr'>ἄφθονον.</span> <span class='ocrx_word' id='word_1_777' title='bbox 1759 2557 1773 2572; x_wconf 71' lang='lat' dir='ltr'>n</span> <span class='ocrx_word' id='word_1_778' title='bbox 1794 2542 1897 2575; x_wconf 79' lang='grc' dir='ltr'>ταῦτα</span> <span class='ocrx_word' id='word_1_779' title='bbox 1912 2538 1947 2575; x_wconf 77' lang='grc' dir='ltr'>δέ</span> <span class='ocrx_word' id='word_1_780' title='bbox 1960 2553 2038 2589; x_wconf 81' lang='grc' dir='ltr'>φησι</span> <span class='ocrx_word' id='word_1_781' title='bbox 2052 2537 2138 2574; x_wconf 76' lang='grc' dir='ltr'>κατὰ</span> <span class='ocrx_word' id='word_1_782' title='bbox 2154 2538 2248 2580; x_wconf 82' lang='grc' dir='ltr'>λέξιν</span> <span class='ocrx_word' id='word_1_783' title='bbox 2268 2539 2464 2579; x_wconf 78' lang='grc' dir='ltr'>Παυσανίας</span> <span class='ocrx_word' id='word_1_784' title='bbox 2476 2539 2527 2586; x_wconf 71' lang='lat'><strong>[6.</strong></span> 
     </span>
     <span class='ocr_line' id='line_1_97' title="bbox 1597 2592 2527 2643; baseline -0.004 -14"><span class='ocrx_word' id='word_1_785' title='bbox 1597 2599 1639 2635; x_wconf 86' lang='grc'>14</span> <span class='ocrx_word' id='word_1_786' title='bbox 1655 2594 1667 2641; x_wconf 88' lang='grc'><strong>)</strong></span> <span class='ocrx_word' id='word_1_787' title='bbox 1693 2594 1725 2629; x_wconf 82' lang='grc' dir='ltr'>ἐν</span> <span class='ocrx_word' id='word_1_788' title='bbox 1754 2592 1892 2643; x_wconf 80' lang='grc' dir='ltr'>δευτέρῳ</span> <span class='ocrx_word' id='word_1_789' title='bbox 1922 2592 2070 2629; x_wconf 78' lang='grc' dir='ltr'>Ἠλείων.</span> <span class='ocrx_word' id='word_1_790' title='bbox 2099 2594 2295 2629; x_wconf 82' lang='lat' dir='ltr'>Pausaniae</span> <span class='ocrx_word' id='word_1_791' title='bbox 2323 2594 2409 2630; x_wconf 80' lang='lat' dir='ltr'><strong>loeo</strong></span> <span class='ocrx_word' id='word_1_792' title='bbox 2438 2593 2527 2628; x_wconf 75' lang='lat' dir='ltr'><strong>utitur</strong></span> 
     </span>
     <span class='ocr_line' id='line_1_98' title="bbox 1592 2647 2524 2695; baseline -0.003 -12"><span class='ocrx_word' id='word_1_793' title='bbox 1592 2648 1718 2684; x_wconf 83' lang='lat' dir='ltr'>Suidas</span> <span class='ocrx_word' id='word_1_794' title='bbox 1735 2661 1761 2683; x_wconf 88' lang='lat' dir='ltr'>s.</span> <span class='ocrx_word' id='word_1_795' title='bbox 1783 2648 1915 2693; x_wconf 87' lang='grc' dir='ltr'>Μίλων,</span> <span class='ocrx_word' id='word_1_796' title='bbox 1934 2648 1994 2695; x_wconf 86' lang='lat' dir='ltr'>qui</span> <span class='ocrx_word' id='word_1_797' title='bbox 2014 2659 2085 2682; x_wconf 87' lang='lat' dir='ltr'>non</span> <span class='ocrx_word' id='word_1_798' title='bbox 2112 2659 2158 2682; x_wconf 82' lang='lat' dir='ltr'>ex</span> <span class='ocrx_word' id='word_1_799' title='bbox 2184 2647 2388 2684; x_wconf 80' lang='lat' dir='ltr'><strong>scholiasta</strong></span> <span class='ocrx_word' id='word_1_800' title='bbox 2412 2647 2524 2683; x_wconf 75' lang='lat' dir='ltr'><strong>Aristo-</strong></span> 
     </span>
     <span class='ocr_line' id='line_1_99' title="bbox 1594 2701 2499 2750; baseline -0.002 -13"><span class='ocrx_word' id='word_1_801' title='bbox 1594 2703 1719 2750; x_wconf 84' lang='lat' dir='ltr'>phanis</span> <span class='ocrx_word' id='word_1_802' title='bbox 1732 2728 1743 2746; x_wconf 87' lang='lat'>,</span> <span class='ocrx_word' id='word_1_803' title='bbox 1759 2702 1821 2737; x_wconf 84' lang='lat' dir='ltr'>sed</span> <span class='ocrx_word' id='word_1_804' title='bbox 1840 2715 1882 2737; x_wconf 87' lang='lat' dir='ltr'>ex</span> <span class='ocrx_word' id='word_1_805' title='bbox 1898 2702 2071 2738; x_wconf 81' lang='lat' dir='ltr'>Pausania</span> <span class='ocrx_word' id='word_1_806' title='bbox 2084 2701 2166 2748; x_wconf 87' lang='lat' dir='ltr'><strong>ipso</strong></span> <span class='ocrx_word' id='word_1_807' title='bbox 2182 2703 2390 2750; x_wconf 82' lang='lat' dir='ltr'><strong>excerpsit.</strong></span> <span class='ocrx_word' id='word_1_808' title='bbox 2403 2705 2499 2738; x_wconf 80' lang='lat' dir='ltr'><strong>Dum.</strong></span> 
     </span>
    </p>

    <p class='ocr_par' dir='ltr' id='par_1_19' title="bbox 1591 2753 2524 2968">
     <span class='ocr_line' id='line_1_100' title="bbox 1642 2753 2524 2808; baseline -0.001 -17"><span class='ocrx_word' id='word_1_809' title='bbox 1642 2757 1701 2800; x_wconf 83' lang='lat'>56,</span> <span class='ocrx_word' id='word_1_810' title='bbox 1722 2757 1762 2790; x_wconf 82' lang='lat'>15</span> <span class='ocrx_word' id='word_1_811' title='bbox 1777 2754 1850 2791; x_wconf 79' lang='grc' dir='ltr'>ὅλον</span> <span class='ocrx_word' id='word_1_812' title='bbox 1867 2756 1945 2807; x_wconf 75' lang='grc' dir='ltr'>φασὶ</span> <span class='ocrx_word' id='word_1_813' title='bbox 1960 2759 2003 2791; x_wconf 86' lang='lat' dir='ltr'>R.</span> <span class='ocrx_word' id='word_1_814' title='bbox 2019 2757 2064 2792; x_wconf 90' lang='grc' dir='ltr'>Θ.</span> <span class='ocrx_word' id='word_1_815' title='bbox 2082 2753 2166 2796; x_wconf 77' lang='grc' dir='ltr'>ὅλως</span> <span class='ocrx_word' id='word_1_816' title='bbox 2186 2757 2275 2805; x_wconf 80' lang='grc' dir='ltr'>φησὶ</span> <span class='ocrx_word' id='word_1_817' title='bbox 2290 2760 2340 2793; x_wconf 87' lang='lat' dir='ltr'>V.</span> <span class='ocrx_word' id='word_1_818' title='bbox 2360 2769 2457 2808; x_wconf 72' lang='grc' dir='ltr'>φασιν</span> <span class='ocrx_word' id='word_1_819' title='bbox 2468 2753 2524 2790; x_wconf 69' lang='grc' dir='ltr'>ὅλοι</span> 
     </span>
     <span class='ocr_line' id='line_1_101' title="bbox 1592 2807 2522 2860; baseline -0.002 -14"><span class='ocrx_word' id='word_1_820' title='bbox 1592 2810 1672 2846; x_wconf 69' lang='lat' dir='ltr'><strong>Md.</strong></span> <span class='ocrx_word' id='word_1_821' title='bbox 1687 2809 1741 2845; x_wconf 84' lang='grc' dir='ltr'>τὸν</span> <span class='ocrx_word' id='word_1_822' title='bbox 1759 2809 1869 2858; x_wconf 84' lang='grc' dir='ltr'>στίχον</span> <span class='ocrx_word' id='word_1_823' title='bbox 1890 2809 1965 2859; x_wconf 82' lang='grc' dir='ltr'>Ἤρ.</span> <span class='ocrx_word' id='word_1_824' title='bbox 1980 2813 2170 2845; x_wconf 82' lang='lat' dir='ltr'><strong>Kusterus.</strong></span> <span class='ocrx_word' id='word_1_825' title='bbox 2188 2809 2376 2860; x_wconf 64' lang='grc' dir='ltr'>*Ηρακλῆ,</span> <span class='ocrx_word' id='word_1_826' title='bbox 2401 2812 2442 2846; x_wconf 81' lang='lat'>16</span> <span class='ocrx_word' id='word_1_827' title='bbox 2458 2807 2522 2857; x_wconf 69' lang='grc' dir='ltr'>ἡρέ-</span> 
     </span>
     <span class='ocr_line' id='line_1_102' title="bbox 1591 2862 2522 2909; baseline 0.001 -9"><span class='ocrx_word' id='word_1_828' title='bbox 1591 2867 1652 2909; x_wconf 87' lang='grc' dir='ltr'>σθη</span> <span class='ocrx_word' id='word_1_829' title='bbox 1664 2866 1759 2901; x_wconf 91' lang='grc' dir='ltr'>Θ.-</span> <span class='ocrx_word' id='word_1_830' title='bbox 1780 2878 1818 2909; x_wconf 84' lang='grc'>17</span> <span class='ocrx_word' id='word_1_831' title='bbox 1838 2862 1975 2900; x_wconf 64' lang='grc' dir='ltr'>ἀτταταὶ</span> <span class='ocrx_word' id='word_1_832' title='bbox 1992 2867 2034 2900; x_wconf 89' lang='lat' dir='ltr'>R.</span> <span class='ocrx_word' id='word_1_833' title='bbox 2048 2867 2090 2898; x_wconf 93' lang='lat' dir='ltr'>G.</span> <span class='ocrx_word' id='word_1_834' title='bbox 2107 2864 2150 2900; x_wconf 93' lang='grc' dir='ltr'>Θ.</span> <span class='ocrx_word' id='word_1_835' title='bbox 2165 2864 2251 2900; x_wconf 80' lang='lat' dir='ltr'><strong>Ald.</strong></span> <span class='ocrx_word' id='word_1_836' title='bbox 2274 2865 2436 2901; x_wconf 77' lang='grc' dir='ltr'>ἀππαπαῖ</span> <span class='ocrx_word' id='word_1_837' title='bbox 2446 2867 2484 2900; x_wconf 82' lang='lat' dir='ltr'>V·</span> <span class='ocrx_word' id='word_1_838' title='bbox 2496 2885 2522 2893; x_wconf 55' lang='grc' dir='ltr'>-α</span> 
     </span>
     <span class='ocr_line' id='line_1_103' title="bbox 1593 2919 1917 2968; baseline 0.003 -16"><span class='ocrx_word' id='word_1_839' title='bbox 1593 2920 1639 2953; x_wconf 82' lang='lat'>28</span> <span class='ocrx_word' id='word_1_840' title='bbox 1654 2921 1794 2968; x_wconf 75' lang='grc' dir='ltr'>ἡρᾶσθαι</span> <span class='ocrx_word' id='word_1_841' title='bbox 1809 2921 1851 2953; x_wconf 93' lang='lat' dir='ltr'>V.</span> <span class='ocrx_word' id='word_1_842' title='bbox 1875 2919 1917 2955; x_wconf 93' lang='grc' dir='ltr'>Θ.</span> 
     </span>
    </p>

    <p class='ocr_par' dir='ltr' id='par_1_20' title="bbox 1590 2970 2520 3289">
     <span class='ocr_line' id='line_1_104' title="bbox 1641 2970 2520 3021; baseline 0 -13"><span class='ocrx_word' id='word_1_843' title='bbox 1641 2973 1699 3017; x_wconf 87' lang='grc'>57,</span> <span class='ocrx_word' id='word_1_844' title='bbox 1714 2985 1757 3019; x_wconf 87' lang='grc'>19</span> <span class='ocrx_word' id='word_1_845' title='bbox 1767 2973 1825 3021; x_wconf 89' lang='grc' dir='ltr'>Γρ.</span> <span class='ocrx_word' id='word_1_846' title='bbox 1837 2971 1890 3007; x_wconf 78' lang='grc' dir='ltr'>καὶ</span> <span class='ocrx_word' id='word_1_847' title='bbox 1897 2970 2025 3007; x_wconf 82' lang='grc' dir='ltr'>ἀπαπαί</span> <span class='ocrx_word' id='word_1_848' title='bbox 2037 2972 2079 3008; x_wconf 88' lang='grc' dir='ltr'>Θ.</span> <span class='ocrx_word' id='word_1_849' title='bbox 2088 2970 2214 3013; x_wconf 85' lang='grc' dir='ltr'>ἄλλως.</span> <span class='ocrx_word' id='word_1_850' title='bbox 2229 2971 2520 3015; x_wconf 50' lang='grc' dir='ltr'>τὸάππαπαῑῗςά</span> 
     </span>
     <span class='ocr_line' id='line_1_105' title="bbox 1591 3022 2520 3074; baseline 0.003 -12"><span class='ocrx_word' id='word_1_851' title='bbox 1591 3027 1640 3062; x_wconf 89' lang='lat' dir='ltr'>sic</span> <span class='ocrx_word' id='word_1_852' title='bbox 1649 3027 1802 3062; x_wconf 84' lang='lat' dir='ltr'><strong>hocloco</strong></span> <span class='ocrx_word' id='word_1_853' title='bbox 1812 3029 1855 3063; x_wconf 89' lang='lat' dir='ltr'>G.</span> <span class='ocrx_word' id='word_1_854' title='bbox 1869 3038 2022 3074; x_wconf 86' lang='lat' dir='ltr'><strong>quoque,</strong></span> <span class='ocrx_word' id='word_1_855' title='bbox 2035 3025 2097 3073; x_wconf 88' lang='lat' dir='ltr'>qui</span> <span class='ocrx_word' id='word_1_856' title='bbox 2110 3038 2228 3072; x_wconf 78' lang='lat' dir='ltr'><strong>supra</strong></span> <span class='ocrx_word' id='word_1_857' title='bbox 2240 3027 2401 3064; x_wconf 79' lang='grc' dir='ltr'>ἀτταταί.</span> <span class='ocrx_word' id='word_1_858' title='bbox 2415 3022 2520 3064; x_wconf 61' lang='grc' dir='ltr'>ἆττπῑῖ</span> 
     </span>
     <span class='ocr_line' id='line_1_106' title="bbox 1591 3077 2518 3127; baseline 0.001 -11"><span class='ocrx_word' id='word_1_859' title='bbox 1591 3088 1627 3116; x_wconf 82' lang='lat' dir='ltr'>et</span> <span class='ocrx_word' id='word_1_860' title='bbox 1636 3080 1792 3116; x_wconf 81' lang='grc' dir='ltr'>ἀππαπαί</span> <span class='ocrx_word' id='word_1_861' title='bbox 1801 3088 1955 3127; x_wconf 83' lang='lat' dir='ltr'><strong>oxytoua</strong></span> <span class='ocrx_word' id='word_1_862' title='bbox 1964 3079 2043 3115; x_wconf 81' lang='lat' dir='ltr'><strong>Ald.</strong></span> <span class='ocrx_word' id='word_1_863' title='bbox 2057 3077 2111 3114; x_wconf 84' lang='grc' dir='ltr'>διὰ</span> <span class='ocrx_word' id='word_1_864' title='bbox 2117 3078 2243 3116; x_wconf 83' lang='grc' dir='ltr'>τούτου</span> <span class='ocrx_word' id='word_1_865' title='bbox 2256 3086 2387 3119; x_wconf 89' lang='lat' dir='ltr'><strong>om.V.</strong></span> <span class='ocrx_word' id='word_1_866' title='bbox 2395 3081 2518 3117; x_wconf 66' lang='grc' dir='ltr'>διὰτοῦῠ</span> 
     </span>
     <span class='ocr_line' id='line_1_107' title="bbox 1590 3123 2516 3182; baseline -0.002 -11"><span class='ocrx_word' id='word_1_867' title='bbox 1590 3135 1634 3171; x_wconf 85' lang='grc' dir='ltr'>Θ.</span> <span class='ocrx_word' id='word_1_868' title='bbox 1654 3137 1701 3170; x_wconf 91' lang='grc' dir='ltr'>Μ.</span> <span class='ocrx_word' id='word_1_869' title='bbox 1721 3135 1755 3169; x_wconf 85' lang='grc' dir='ltr'>οὐ</span> <span class='ocrx_word' id='word_1_870' title='bbox 1775 3132 1992 3180; x_wconf 84' lang='grc' dir='ltr'>καταθεμένου</span> <span class='ocrx_word' id='word_1_871' title='bbox 2013 3132 2093 3168; x_wconf 79' lang='lat' dir='ltr'><strong>Ald.</strong></span> <span class='ocrx_word' id='word_1_872' title='bbox 2114 3140 2151 3168; x_wconf 87' lang='lat' dir='ltr'>et</span> <span class='ocrx_word' id='word_1_873' title='bbox 2164 3160 2176 3179; x_wconf 95' lang='lat'>,</span> <span class='ocrx_word' id='word_1_874' title='bbox 2198 3137 2346 3172; x_wconf 83' lang='lat' dir='ltr'><strong>omisso</strong></span> <span class='ocrx_word' id='word_1_875' title='bbox 2362 3137 2413 3182; x_wconf 76' lang='grc' dir='ltr'>οὐ,</span> <span class='ocrx_word' id='word_1_876' title='bbox 2428 3137 2464 3171; x_wconf 82' lang='lat' dir='ltr'>V.</span> <span class='ocrx_word' id='word_1_877' title='bbox 2480 3123 2516 3166; x_wconf 55' lang='grc' dir='ltr'>οὗ</span> 
     </span>
     <span class='ocr_line' id='line_1_108' title="bbox 1590 3181 2516 3235; baseline -0.003 -12"><span class='ocrx_word' id='word_1_878' title='bbox 1590 3186 1807 3235; x_wconf 83' lang='grc' dir='ltr'>καταθεμένου</span> <span class='ocrx_word' id='word_1_879' title='bbox 1820 3191 1871 3223; x_wconf 92' lang='grc' dir='ltr'>Μ.</span> <span class='ocrx_word' id='word_1_880' title='bbox 1887 3181 1941 3222; x_wconf 68' lang='grc' dir='ltr'>οὖν</span> <span class='ocrx_word' id='word_1_881' title='bbox 1953 3185 2211 3233; x_wconf 85' lang='grc' dir='ltr'>κατατιθεμένου</span> <span class='ocrx_word' id='word_1_882' title='bbox 2228 3190 2276 3225; x_wconf 87' lang='grc' dir='ltr'>Θ.</span> <span class='ocrx_word' id='word_1_883' title='bbox 2296 3189 2459 3227; x_wconf 74' lang='lat' dir='ltr'>Correxit</span> <span class='ocrx_word' id='word_1_884' title='bbox 2466 3189 2516 3223; x_wconf 72' lang='lat'>1·-</span> 
     </span>
     <span class='ocr_line' id='line_1_109' title="bbox 1591 3241 2513 3289; baseline 0.005 -12"><span class='ocrx_word' id='word_1_885' title='bbox 1591 3250 1724 3286; x_wconf 75' lang='lat' dir='ltr'><strong>sterus,</strong></span> <span class='ocrx_word' id='word_1_886' title='bbox 1744 3241 1871 3276; x_wconf 78' lang='lat' dir='ltr'><strong>collata</strong></span> <span class='ocrx_word' id='word_1_887' title='bbox 1890 3241 2005 3276; x_wconf 86' lang='lat' dir='ltr'>Suidae</span> <span class='ocrx_word' id='word_1_888' title='bbox 2029 3241 2170 3287; x_wconf 83' lang='lat' dir='ltr'><strong>glossa,</strong></span> <span class='ocrx_word' id='word_1_889' title='bbox 2191 3241 2377 3281; x_wconf 81' lang='grc' dir='ltr'>Ἀππαπαί</span> <span class='ocrx_word' id='word_1_890' title='bbox 2398 3253 2513 3289; x_wconf 62' lang='lat' dir='ltr'>:mrsu-</span> 
     </span>
    </p>
   </div>
   <div class='ocr_carea' id='block_1_6' title="bbox 1565 3293 2510 3349">
    <p class='ocr_par' dir='ltr' id='par_1_21' title="bbox 1565 3293 2510 3349">
     <span class='ocr_line' id='line_1_110' title="bbox 1565 3293 2510 3349; baseline 0.002 -18"><span class='ocrx_word' id='word_1_891' title='bbox 1565 3341 1568 3344; x_wconf 18' lang='grc' dir='ltr'><em>Α</em></span> <span class='ocrx_word' id='word_1_892' title='bbox 1590 3295 1755 3332; x_wconf 83' lang='grc' dir='ltr'>ταθετικὸν</span> <span class='ocrx_word' id='word_1_893' title='bbox 1774 3294 1951 3346; x_wconf 81' lang='grc' dir='ltr'>ἐπίρρημα.</span> <span class='ocrx_word' id='word_1_894' title='bbox 1975 3294 2142 3343; x_wconf 63' lang='grc' dir='ltr'>εἰρηκότος</span> <span class='ocrx_word' id='word_1_895' title='bbox 2167 3295 2238 3347; x_wconf 74' lang='grc' dir='ltr'>γὰρ</span> <span class='ocrx_word' id='word_1_896' title='bbox 2267 3301 2330 3335; x_wconf 78' lang='grc' dir='ltr'>τοῦ</span> <span class='ocrx_word' id='word_1_897' title='bbox 2352 3293 2510 3349; x_wconf 56' lang='grc' dir='ltr'>*Ηρακλὸκ</span> 
     </span>
    </p>
   </div>
   <div class='ocr_carea' id='block_1_7' title="bbox 1595 3348 2507 3399">
    <p class='ocr_par' dir='ltr' id='par_1_22' title="bbox 1595 3348 2507 3399">
     <span class='ocr_line' id='line_1_111' title="bbox 1595 3348 2507 3399; baseline -0.002 -14"><span class='ocrx_word' id='word_1_898' title='bbox 1595 3349 1721 3399; x_wconf 71' lang='grc' dir='ltr'>«ἇνδρὸς</span> <span class='ocrx_word' id='word_1_899' title='bbox 1732 3349 1904 3398; x_wconf 58' lang='grc' dir='ltr'>ἠράσθης»</span> <span class='ocrx_word' id='word_1_900' title='bbox 1913 3352 2006 3385; x_wconf 80' lang='grc' dir='ltr'>τοῦτο</span> <span class='ocrx_word' id='word_1_901' title='bbox 2018 3349 2329 3397; x_wconf 64' lang='grc' dir='ltr'>ἐπεφθέγξατο..-2</span> <span class='ocrx_word' id='word_1_902' title='bbox 2337 3367 2350 3389; x_wconf 93' lang='grc'>1</span> <span class='ocrx_word' id='word_1_903' title='bbox 2368 3348 2507 3390; x_wconf 53' lang='lat' dir='ltr'>‹dou-s.</span> 
     </span>
    </p>
   </div>
  </div>
 </body>
</html>
