2931 4012
647 501 2289 541 mum-Q

850 654 1337 721 EXPLICATIO
1382 655 2061 735 COMPENDIORUM.

1379 831 1483 847 ⁸-
1496 835 1548 847 „-

711 1026 732 1090 (
762 1041 782 1087 )
805 1025 893 1073 Hls
926 1024 1268 1090 parentheseos
1310 1024 1457 1090 signis
1503 1043 1612 1092 quae
1658 1026 1840 1075 inclusa
1886 1027 2115 1092 leguntur
2137 1066 2149 1088 ,
2194 1029 2279 1077 ab·

873 1117 987 1154 sunt
1005 1124 1033 1154 a
1057 1105 1224 1154 codice
1248 1107 1541 1155 Rauennate.
1583 1106 1759 1155 Iisdem
1786 1107 1989 1174 quando
2013 1109 2280 1174 cinguntur

875 1188 1066 1235 numeri
1092 1205 1344 1248 versuum,
1371 1187 1553 1237 indicio
1578 1199 1647 1237 est
1671 1188 1887 1237 codicem
1910 1190 2093 1238 scholia
2122 1191 2173 1238 in
2197 1209 2279 1240 eos

870 1284 1036 1317 versus
1062 1286 1164 1317 non
1190 1269 1396 1329 habere,
1431 1270 1520 1318 nisi
1545 1287 1654 1336 quae
1673 1269 1800 1318 forte
1822 1270 2188 1336 subjunguntur
2209 1289 2279 1320 se-

872 1360 1042 1416 parata
1068 1368 1094 1398 a
1118 1351 1288 1399 ceteris
1312 1361 1360 1399 et
1383 1350 1524 1398 litera
1545 1351 1604 1398 R.
1630 1361 1810 1399 notata.
1835 1352 2023 1399 Desunt
2045 1362 2276 1416 praeterea

871 1430 1053 1479 scholia
1066 1432 1307 1497 Equitum
1323 1449 1350 1479 a
1369 1449 1413 1479 v.
1442 1422 1536 1480 '216
1560 1449 1718 1498 usque
1737 1431 1797 1480 ad
1815 1432 1987 1491 finem,
2013 1433 2162 1480 Pacis
2183 1450 2210 1480 a
2233 1451 2277 1480 v.

875 1511 995 1577 1039
1020 1529 1175 1578 usque
1193 1511 1254 1560 ad
1274 1512 1437 1572 finem,
1458 1513 1637 1560 Avium
1661 1513 1755 1578 239
1773 1546 1831 1554 -
1850 1513 1968 1578 394,
1988 1513 2279 1574 Lysis-trata»

876 1593 970 1656 376
990 1625 1049 1633 —
1066 1593 1179 1651 404.

710 1671 732 1741 [
765 1672 901 1739 ]His
933 1675 1069 1722 uncis
1110 1691 1220 1740 quae
1256 1673 1623 1722 concluduntur
1645 1710 1659 1735 ‚
1697 1673 1874 1722 absunt
1918 1692 1943 1722 a
1987 1674 2155 1722 codice
2181 1676 2234 1722 V
2229 1693 2277 1723 e-

876 1765 984 1801 neto
1007 1773 1028 1812 ,·
1067 1755 1182 1802 item
1226 1754 1409 1823 scholia
1451 1772 1678 1802 versuum
1720 1772 1935 1821 quorum
1979 1756 2170 1804 numeri
2202 1756 2279 1804 iis-

871 1833 984 1882 dem
1015 1835 1295 1900 cinguntur.
1324 1835 1747 1894 Acharnensium,
1786 1836 2271 1895 Ecclesiazusarum,

875 1916 1492 1982 ssesmophwiazmarum
1549 1927 1598 1965 et
1637 1917 1926 1980 Lysistratae
1958 1918 2141 1966 scholia
2176 1935 2276 1966 non

872 1997 1035 2046 habet.

709 2073 726 2121 ἱ
760 2071 778 2122 ]
813 2074 912 2121 His·
947 2076 1082 2121 uncis
1129 2072 1390 2139 duplicatis
1434 2090 1544 2140 quae
1594 2071 2038 2132 circumdedimus,
2098 2071 2279 2121 absunt

868 2155 930 2202 ab
963 2165 1175 2220 utroque
1203 2154 1396 2213 codice,
1428 2155 1705 2203 Ravennate
1733 2171 1871 2221 aeque
1905 2171 1960 2201 ac
1991 2154 2189 2201 Veneto.
2216 2155 2278 2202 Iis

867 2237 1014 2300 signis
1052 2253 1153 2284 non
1187 2246 1292 2284 erat
1336 2253 1463 2302 opus
1505 2235 1591 2284 uhi
1625 2234 1950 2284 subscribitur
1995 2234 2148 2285 codex
2189 2235 2278 2303 qui

869 2317 1095 2383 praebuit.

708 2398 764 2444 R.
800 2396 967 2445 Codex
992 2397 1259 2444 Ravennas.

708 2480 765 2525 V.
800 2477 967 2526 Codex
986 2479 1201 2525 Venetus
1223 2483 1239 2536 (
1250 2477 1522 2525 Marcianus
1545 2478 1642 2542 474
1652 2478 1685 2541 ).

707 2559 767 2605 G.
803 2557 971 2606 Codex
986 2557 1201 2624 ejusdem
1220 2557 1530 2605 bibliothecae
1549 2557 1804 2605 Marcianae
1821 2556 1990 2620 47513
2013 2556 2269 2622 plerasque

866 2641 1044 2705 glossas
1071 2640 1243 2687 breves
1264 2657 1365 2687 non
1389 2638 1560 2698 habet,
1594 2639 1645 2686 in
1675 2638 1869 2686 scholiis
1896 2649 2056 2686 autem
2071 2638 2135 2685 ita
2154 2655 2264 2686 con-

865 2721 1009 2769 sentit
1042 2738 1153 2769 eum
1183 2720 1367 2767 Veneto
1388 2756 1404 2777 ,
1447 2730 1502 2767 ut
1534 2718 1803 2785 prudenter
1832 2718 2098 2767 dissensum
2121 2718 2268 2766 modo

869 2802 1111 2850 notaverit
1147 2799 1446 2849 Dindorfius.

706 2888 768 2937 Θ.
805 2883 973 2931 Codex
1001 2883 1313 2931 Florentinus
1345 2881 1699 2930 Laurentianus
1720 2898 1860 2945 2779.

617 2976 632 3018 ,’
718 2965 764 3013 Γ.
801 2963 969 3012 Codex
992 2962 1206 3029 ejusdem
1230 2961 1541 3009 bibliothecae
1567 2961 1721 3027 plutei
1743 2961 1901 3020 31‚15.

709 3045 769 3093 M.
805 3043 974 3092 Codex
1004 3042 1376 3091 Mediolanensis
1398 3041 1745 3090 Ambrosianus
1769 3042 1824 3101 L,
1846 3042 1922 3105 39.

709 3126 760 3174 L.
795 3124 964 3174 Codex
986 3123 1234 3172 Leidensis
1256 3124 1516 3171 Vossianus
1538 3124 1822 3188 Lysistratae.

644 3210 760 3257 Bar.
794 3206 961 3256 Codex
989 3206 1308 3254 Baroccianus
1328 3204 1389 3253 38
1404 3242 1416 3264 ‚
1443 3203 1658 3270 ejusdem
1687 3202 1970 3268 Lysistratae.

707 3291 763 3338 A.
798 3287 967 3338 Codex
986 3288 1229 3335 Parisinus
1256 3286 1400 3350 regiae
1425 3284 1733 3333 bibliothecae
1761 3282 1964 3332 membr.
1980 3297 2122 3341 2712.

704 3371 753 3419 B.
787 3367 954 3418 Codex
977 3367 1192 3434 ejusdem
1225 3365 1533 3415 bibliothecae
1557 3365 1707 3413 chart.
1735 3366 1879 3429 2715.

708 3449 762 3500 C.
797 3448 962 3498 Codex
986 3447 1200 3515 ejusdem
1224 3447 1533 3496 bibliothecae
1558 3446 1708 3494 chart.
1734 3460 1867 3504 2717·
