2931 4012
1325 403 1589 441 PRAEFATIO.

594 507 705 550 ferre
725 503 975 558 videbatur,
997 512 1091 546 tum
1107 503 1142 546 si
1161 502 1325 562 quibus
1342 510 1480 545 totam
1500 500 1663 545 molem
1679 500 1978 557 scholiorum,
1998 515 2219 561 quorum
2237 515 2372 561 prope.

592 595 777 640 dimidia
805 610 907 656 pars
937 594 994 638 ab
1025 593 1216 638 indoctis
1254 594 1467 652 magistris
1497 593 1744 653 composita
1778 601 1840 636 est
1857 625 1869 646 ‚
1906 592 2196 652 perlegendi
2233 594 2370 637 otium

594 703 683 731 non
705 695 770 731 est
792 695 868 729 aut
885 685 1085 739 animus,
1108 683 1232 727 utilia
1255 683 1405 726 omnia
1427 681 1496 726 his
1519 681 1691 742 paginis
1718 682 1913 726 breviter
1934 682 2088 726 relata
2117 684 2369 728 invenient.

598 784 702 823 Nam
724 778 813 822 hoc
836 777 1031 822 studiose
1056 786 1336 820 consectatus
1359 791 1457 819 sum
1483 789 1539 819 ne
1559 774 1805 835 quidquam
1832 775 2112 820 omitterem
2139 777 2278 836 quod
2299 793 2371 820 usu

593 868 744 928 aliquo
767 883 861 911 esse
882 867 1035 928 possit.
1056 865 1296 911 Sciendum
1315 875 1375 910 est
1397 875 1546 909 autem

776 961 971 1001 Ronuno
994 965 1038 1000 et
1060 955 1224 1015 vulgari
1245 956 1495 1000 charactere
1513 957 1672 1016 scripta
1691 969 1784 999 esse
1803 969 1970 1010 Pon-rm,

776 1050 944 1102 Italic-0,
970 1064 1061 1093 esse
1084 1062 1462 1102 smonumsmm,

772 1141 1085 1202 parentheseos
1108 1141 1240 1199 signis
1264 1139 1536 1185 circumdata
1559 1155 1586 1184 a
1607 1154 1735 1183 ποεῖς

595 1231 746 1275 addita
784 1246 875 1275 esse
910 1230 1091 1290 quando
1122 1229 1413 1274 necessarium
1446 1228 1689 1273 videbatur.
1728 1229 1773 1273 Si
1804 1229 1905 1289 quis
1935 1229 2148 1289 repetita
2174 1230 2364 1290 quaedam

595 1324 761 1367 alicubi
783 1339 876 1367 esse
898 1332 941 1367 et
966 1323 1143 1367 brevius
1171 1321 1540 1381 commodiusque
1560 1320 1737 1381 disponi
1769 1321 1970 1381 potuisse
2005 1322 2362 1378 animadvertet,

598 1417 708 1460 scito
743 1431 824 1459 nos
855 1415 898 1459 id
930 1425 1144 1476 spectasse
1176 1425 1225 1459 ut
1249 1415 1358 1475 quid
1388 1425 1430 1459 et
1455 1424 1672 1475 quantum
1699 1414 1755 1458 de
1791 1429 1973 1474 quaque
2010 1429 2068 1459 re
2109 1386 2172 1459 in·
2197 1431 2361 1477 quoque

598 1511 697 1552 loco
730 1516 870 1568 poetae
898 1516 974 1552 aut
1009 1507 1282 1552 scholiorum
1311 1507 1476 1566 legatur
1507 1515 1713 1567 appareat
1736 1522 1746 1549 :
1766 1521 1863 1566 quae
1898 1508 2095 1552 notatio
2135 1516 2360 1553 conti-aens

600 1595 828 1638 nonnullis
851 1597 1064 1655 periisset.

660 1684 875 1728 Absolute
897 1684 1035 1729 indici
1057 1693 1212 1729 nostro
1240 1683 1548 1728 Kusterianum
1573 1682 1869 1737 contuhmus,
1894 1692 1942 1727 et
1967 1698 2087 1744 quae
2111 1686 2165 1729 in
2190 1701 2248 1730 eo
2269 1685 2357 1730 vidi·

598 1791 694 1819 mus
733 1776 864 1820 nobis
892 1792 984 1820 non
1022 1776 1174 1832 relata,
1201 1776 1326 1820 uncis
1355 1775 1526 1818 inclusa
1549 1790 1653 1818 cum
1688 1774 1869 1818 nomine
1908 1774 2068 1834 ipsius
2108 1777 2342 1837 adjecimus

597 1884 867 1929 quamquam
892 1869 948 1913 ab
981 1879 1135 1913 nostro
1157 1869 1344 1913 consilio
1362 1869 1516 1913 aliena.

2017 2142 2074 2186 Β.
2109 2145 2171 2188 D.

1471 3513 1533 3544 ‘3¹8
