2931 4012
606 418 675 451 484

656 496 720 531 4οι
737 515 746 531 ,
763 489 807 524 53
821 487 955 536 Ὥσπερ
970 490 1014 524 G.
1040 490 1079 522 ln
1093 490 1137 523 V.
1157 494 1210 522 est
1225 485 1320 523 Ὥσεὶ
1333 485 1467 529 ὁπλίτην
1485 499 1542 522 κε-

606 543 705 579 λεύων
724 544 766 583 ὡς
784 536 854 578 εἷπε
870 542 908 579 τὸ
923 543 943 578 ἐ’
956 540 1044 592 παρὰ
1060 540 1118 584 τὴν
1138 540 1235 592 ὀργὴν
1254 539 1343 591 παρὰ
1360 539 1415 576 τὸν
1429 539 1541 588 Ὁμη-

604 597 691 647 ρικὸν
709 599 790 634 ἀσπ.
807 618 855 625 -
873 610 894 631 2
913 596 1027 632 codex
1046 596 1117 642 ἐγκ.
1134 596 1182 644 τῷ
1198 597 1334 631 παῦσαι.

653 658 735 695 402,
754 653 774 688 5
786 649 894 700 μακρὰ
902 665 940 686 π.
951 663 1022 686 om.
1038 653 1079 685 R.
1095 649 1213 683 V.—6
1229 647 1370 696 πολέμια
1384 648 1480 694 μόνον
1493 651 1538 684 G.

653 714 723 754 409
737 733 747 749 ,
769 720 809 752 ι7
828 705 924 754 σοφὸν
945 708 1001 748 V.‚
1022 717 1093 738 non
1112 707 1155 738 G.
1175 702 1370 751 οἷκιστήριον
1384 701 1467 738 Ald.

653 768 741 806 417,
764 766 807 802 24
827 759 877 803 εἴη
893 763 936 796 R.
947 762 989 794 V.
1009 758 1076 794 bis.
1092 778 1136 785 —
1156 758 1201 792 28
1221 758 1334 798 ἑνικῶς
1354 750 1442 792 εἶπεν
1469 755 1542 792 ἀντὶ

602 819 657 859 φῦ
674 815 728 851 δύο
745 818 790 852 R.

653 874 741 913 424,
765 869 809 902 32
828 880 880 914 sq.
899 865 949 902 ὅτι
975 865 1082 901 πάντα
1107 864 1147 901 τὰ
1172 862 1231 913 (τᾲ
1252 877 1323 901 om.
1354 864 1419 912 R.)
1444 864 1477 899 ἐν
1495 865 1542 913 τῷ

601 922 714 971 κόσμῳ
733 920 853 958 σύνεισι
870 920 925 956 καὶ
943 918 979 954 τὸ
995 919 1183 968 τῇδε-γῆν
1199 919 1353 966 (omisso
1371 918 1476 966 λέγει)
1493 921 1538 955 V.

601 977 638 1013 τὸ
656 975 690 1011 δὲ
703 978 807 1011 ταῦτα
823 974 930 1011 πάντα
948 972 969 1008 ἃ
987 974 1019 1008 ἐν
1040 974 1087 1022 τῷ
1104 971 1218 1022 κόσμῳ
1233 972 1314 1010 ἐστί.
1333 972 1369 1008 τὸ
1385 973 1464 1021 τῇδε
1486 972 1541 1008 καὶ

601 1031 637 1066 τὸ
654 1031 735 1066 κεῐσ’
751 1029 811 1066 ἔτι.
830 1028 927 1076 ἤγουν
945 1027 1000 1063 τὸν
1020 1025 1151 1076 οὐρανὸν
1177 1026 1232 1062 καὶ
1251 1026 1308 1070 τὴν
1333 1029 1392 1073 γῆν
1413 1027 1490 1062 Ald.
1503 1049 1542 1058 -

604 1087 648 1121 33
667 1084 703 1120 τὸ
718 1089 805 1120 κεῖσε
824 1087 865 1119 R.
882 1106 919 1112 --
935 1083 979 1117 35
1002 1081 1186 1128 legebatur
1207 1081 1285 1130 φησὶ
1309 1080 1364 1117 καὶ
1384 1079 1419 1117 τὸ
1439 1085 1538 1118 κεῖσε.

533 1162 536 1166 -
601 1139 678 1176 ΑΙιΙ.
710 1153 781 1174 υιιι.
810 1131 929 1186 μὴ-ᾖ,
964 1139 1002 1172 V.
1022 1138 1113 1185 δεῦρο
1137 1136 1232 1179 δηλός
1256 1150 1303 1177 τις
1333 1130 1368 1183 ᾖ.
1384 1138 1483 1172 -36
1504 1134 1541 1170 τὸ

600 1198 741 1230 τοιοῦτον
761 1193 968 1229 Dindorfius
985 1191 1142 1227 cori-exit
1164 1204 1207 1227 ex
1232 1191 1342 1226 schol.
1366 1193 1446 1234 347.
1469 1195 1539 1227 Le-

599 1248 748 1295 gebauu·
764 1250 918 1287 τοιοῦτος.
939 1245 975 1282 τὸ
994 1249 1134 1286 τοιοῦτος
1150 1249 1195 1282 V.

650 1309 717 1346 427
734 1330 743 1347 ,
765 1309 810 1344 40
826 1301 954 1351 ἀφάτως
966 1328 975 1345 ,
999 1306 1039 1342 41
1062 1298 1221 1347 μεγίστως
1237 1299 1317 1337 Ald.

649 1365 718 1402 429
733 1384 743 1400 ,
764 1362 807 1398 44
825 1355 979 1405 φρόνιμος
994 1354 1182 1402 παιπάλημ’
1198 1353 1271 1389 ὅλον
1290 1356 1335 1391 R.

650 1412 732 1452 430.
761 1410 856 1445 Infra
885 1417 964 1457 post
988 1422 1022 1446 v.
1056 1410 1125 1451 436
1151 1412 1196 1446 V.
1217 1422 1235 1443 a
1261 1421 1309 1445 m.
1336 1420 1406 1443 rec.
1433 1421 1539 1457 κυρμα

598 1464 667 1499 ἀντὶ
685 1467 739 1498 τοῦ
754 1463 1018 1511 ἐπιτυγχάνοντες
1036 1464 1068 1498 ἐν
1086 1467 1177 1500 πᾶσι.
1199 1463 1316 1503 ἄλλως.
1339 1461 1448 1511 κύρμα
1465 1462 1540 1496 ἐπι-

597 1518 749 1553 τακτικὸν
767 1516 856 1567 παρὰ
876 1517 914 1552 τὸ
931 1518 1298 1567 κυρεῖν-ἐγκεκυρηκῶς
1318 1516 1541 1566 πράγμασι.-

601 1578 643 1616 47
661 1571 682 1615 ἢ
703 1576 746 1608 R.
766 1584 832 1619 pro
846 1570 978 1611 Ἄλλως.
995 1593 1045 1601 -
1063 1578 1109 1618 49
1120 1572 1250 1611 πολλοῖς
1264 1570 1483 1619 ἐντετυχηκὼς
1496 1575 1538 1607 V.

649 1628 733 1671 433,
750 1626 795 1662 53
818 1625 1025 1675 μετεώρημαι
1041 1629 1085 1662 V.
1106 1625 1325 1675 μετεώρισμαι
1345 1625 1424 1661 Ald.

650 1682 741 1725 436,
764 1694 782 1725 7
803 1680 977 1724 ἐπιστάτης
996 1678 1030 1715 δὲ
1049 1683 1091 1716 R.
1110 1679 1283 1724 ἐπιστάτης
1309 1679 1432 1716 Suidas
1458 1693 1483 1715 s.
1504 1680 1537 1715 li.

598 1749 632 1772 v.
655 1737 812 1779 ἐπιστάτη
843 1734 876 1771 δὲ
898 1737 1042 1779 θηλυκῶς
1068 1738 1109 1771 V.
1132 1735 1309 1782 Ald.—9
1325 1740 1396 1776 ταῖς
1419 1735 1539 1777 ἑστίαις

597 1796 641 1829 R.
658 1800 695 1829 et
706 1791 845 1829 Suidas.
857 1789 915 1832 τὰς
930 1790 1036 1831 ἑστίας
1051 1794 1089 1826 V.
1153 1790 1238 1827 d.-—
1259 1793 1299 1827 13
1315 1805 1386 1826 τινα
1400 1790 1536 1826 Suidas.

597 1846 704 1883 ὅντινα
721 1850 765 1882 V.
783 1868 829 1874 -
854 1852 893 1888 ι4
914 1847 957 1886 ὡς
970 1846 1060 1894 παρὰ
1082 1850 1154 1887 ταῖς
1179 1845 1312 1881 suidas.
1333 1847 1375 1886 ὡς
1400 1851 1470 1886 ταῖς
1494 1849 1535 1881 V.

597 1899 708 1951 ὥσπερ
728 1903 761 1937 ἐν
779 1905 850 1941 ταῖς
867 1899 945 1936 Ald.
964 1921 1012 1926 —
1046 1900 1076 1938 ‚6
1089 1900 1172 1948 ἔχων
1190 1902 1230 1935 V.

648 1957 732 2000 437,
755 1969 800 1990 20
817 1955 867 1990 Οὔ
882 1953 955 1994 τοὺς
968 1957 1012 1988 V.

646 2017 728 2055 440,
749 2011 793 2045 25
810 2007 844 2044 δὲ
865 2022 934 2044 οιιι.
957 2011 998 2044 V.
1013 2028 1056 2034 —-
1077 2009 1122 2043 26
1138 2003 1227 2049 οὗτος
1250 2012 1291 2045 R.
1313 2022 1380 2057 pro
1406 2007 1465 2044 ὅτι.
1483 2011 1537 2044 Ex

594 2065 718 2101 eodeni
733 2060 773 2109 ἦν
789 2063 960 2099 additum.
978 2064 1019 2110 τῇ
1039 2062 1102 2111 ἅψῃ
1120 2066 1162 2099 R.
1177 2084 1219 2090 —
1239 2076 1281 2108 27
1311 2063 1536 2107 διαπληκτιζό-

596 2133 689 2167 μενος
715 2118 840 2153 Suidas
868 2131 895 2154 s.
928 2116 1106 2161 Διαθήκην.
1138 2116 1391 2165 πληκτιζόμενος
1422 2121 1462 2154 R.
1492 2122 1534 2154 Υ.

595 2172 851 2219 πλησιαζόμενος
868 2171 947 2208 Ald.
967 2170 1087 2207 διέθετο
1103 2172 1239 2208 Suidas.
1256 2194 1306 2200 —
1322 2175 1366 2207 28
1392 2172 1473 2222 φίλῳ
1494 2176 1533 2208 V.

597 2249 640 2254 —-
657 2241 702 2274 29
716 2229 758 2267 ὡς
773 2225 879 2262 αὐτὸν.
898 2226 1033 2261 Suidas.
1058 2251 1094 2256 -
1116 2228 1155 2261 3·
1177 2227 1230 2262 τὸν
1250 2227 1427 2263 Παναίτιον
1447 2228 1533 2263 Sui-

594 2282 646 2317 dae
661 2282 810 2317 codices.
826 2280 922 2316 Ideni
940 2281 982 2320 ὡς
1004 2279 1057 2315 καὶ
1076 2281 1121 2317 ἐν.
1138 2302 1186 2307 -—
1203 2283 1247 2316 32
1264 2295 1316 2329 sq.
1333 2281 1427 2318 αὐτὸν
1447 2281 1534 2330 λέγει

595 2349 664 2371 om.
682 2339 723 2371 V.
742 2329 824 2370 εἶναι
849 2332 937 2381 λέγει
955 2334 1052 2370 αὐτόν
1078 2334 1213 2370 Suidas.
1234 2356 1280 2363 —-
1299 2337 1341 2378 34
1370 2335 1534 2385 μαχαίρας

593 2394 635 2426 R.
660 2389 796 2440 μαχαίρ’
818 2392 861 2424 V.
896 2387 1072 2438 μαχαίραις
1089 2389 1225 2425 Suidas.
1244 2415 1293 2422 —
1310 2392 1353 2425 35
1374 2390 1533 2441 nal-qm-

592 2459 655 2483 σιν.
678 2445 700 2489 ἢ
717 2445 771 2481 καὶ
793 2457 863 2479 om.
888 2443 1031 2487 Suidas,
1049 2445 1111 2491 qui
1134 2445 1178 2479 36
1199 2445 1328 2480 αὐτόθεν
1357 2439 1411 2480 οὖν
1437 2460 1531 2494 φησιν

592 2500 686 2536 αὐτὸν
704 2497 949 2549 μαχαιροποιόν.
968 2522 1007 2529 -
1027 2500 1069 2542 37
1087 2498 1241 2548 μάγειρος
1266 2498 1322 2534 καὶ
1340 2513 1428 2549 μικρ.
1450 2500 1530 2535 Ald.

591 2577 628 2584 -
641 2557 685 2590 38
701 2556 796 2591 αὐτοῦ
816 2557 856 2590 R.
876 2557 917 2588 V.
940 2561 974 2589 et
992 2552 1114 2589 Suidas
1138 2566 1165 2589 s,
1188 2552 1274 2596 Γυνὴ
1293 2553 1419 2601 μεγάλη
1444 2563 1478 2590 et
1504 2568 1530 2590 s.

590 2609 765 2652 Διαθήκην.
778 2633 817 2640 -
832 2609 878 2654 39
898 2607 995 2652 οὔσης
1008 2622 1016 2630 ·
1037 2606 1214 2658 μικροφυὴς
1231 2608 1324 2648 αὐτὸς
1341 2606 1385 2643 ὤν
1406 2609 1481 2644 Ald.

641 2668 732 2706 442,
765 2669 806 2705 4ι
834 2662 888 2698 τὸν
912 2662 1061 2712 πρωκτόν
1086 2676 1154 2698 om.
1174 2666 1216 2698 V.
1243 2663 1318 2699 Ald.
1334 2685 1372 2692 —
1391 2669 1434 2706 42
1467 2678 1530 2699 που

593 2727 663 2751 om.
682 2719 722 2751 R.
743 2719 781 2752 V.
794 2744 831 2749 -
854 2723 896 2759 44
915 2716 1072 2766 τιμωρίαν
1100 2717 1267 2766 ἐργάζεται
1289 2720 1330 2752 V.
1355 2718 1528 2767 κωμῳδίαν

591 2769 728 2816 ὁρίζεται
745 2774 787 2806 R.

642 2829 710 2866 444
727 2822 967 2871 Ὑπιο-χνοῧμαι
996 2838 1066 2860 om.
1089 2829 1145 2869 R.‚
1173 2826 1234 2872 qui
1262 2826 1432 2874 συντίθημι
1456 2827 1527 2863 ἀντὶ

588 2880 644 2912 τοῦ
665 2876 851 2924 συντίθεμαι
866 2880 905 2913 V.
918 2878 1086 2914 Scholion
1103 2892 1171 2914 οιιι.
1191 2883 1234 2914 G.

639 2932 729 2974 445,
761 2933 805 2973 48
824 2944 876 2978 sq.
902 2931 1022 2972 τούτοις
1043 2935 1085 2973 ὡς
1106 2938 1188 2968 πᾶσι
1213 2938 1279 2974 τοῖς
1303 2941 1426 2983 κριταῖς
1454 2942 1527 2971 νικὲί

587 2985 765 3035 χαριέντως
788 2985 842 3021 καὶ
858 2985 1029 3034 εὐχόμενος
1046 2986 1126 3036 ὑπὲρ
1148 2990 1206 3029 τῆς
1226 2986 1326 3030 νίκης.
1357 2988 1461 3030 ἄλλως
1486 2994 1525 3026 V.

587 3062 625 3070 -
639 3044 686 3086 49
702 3039 828 3088 ἔκριναν
843 3039 906 3089 γὰρ
915 3040 1038 3076 Snidas
1051 3053 1076 3076 s.
1087 3039 1248 3088 Ὄμνυμι.
1261 3045 1330 3076 Pro
1346 3042 1371 3077 ε’
1388 3044 1524 3090 legeba-

587 3102 645 3130 tur
661 3096 691 3130 οἱ
704 3122 714 3141 ,
732 3094 828 3142 quod
846 3108 915 3130 om.
933 3098 973 3130 V.
990 3102 1025 3129 et
1043 3095 1181 3131 Suidas.

635 3151 705 3191 448
719 3175 730 3194 ,
747 3151 767 3185 5
780 3151 826 3190 εἰς
838 3148 894 3190 τὰς
909 3148 1031 3198 χύτρας
1044 3152 1087 3185 R.
1108 3153 1148 3185 V.
1168 3149 1300 3185 ὁπλίτου
1320 3153 1361 3186 V.
1376 3173 1413 3180 -
1430 3152 1451 3186 6
1471 3154 1524 3187 νῦν

585 3201 657 3249 μενὶ
678 3203 769 3239 libri.

635 3258 718 3302 450,
728 3271 768 3293 ιο
780 3256 953 3308 φυλάρχων
965 3258 1147 3295 Dobraeus.
1162 3258 1359 3306 Legebatur
1365 3261 1520 3308 φυλετῶν.

636 3309 703 3352 454
723 3324 792 3347 om.
808 3315 862 3357 V.‚
879 3314 940 3360 qui
957 3313 1002 3347 38
1022 3312 1056 3349 ὃν
1073 3316 1177 3362 ἡμεῖς.

636 3364 699 3404 461
718 3389 728 3407 ,
747 3370 794 3406 4ο
809 3364 889 3402 Ὅτι
904 3381 972 3402 οιιι.
999 3371 1053 3412 V.‚
1070 3369 1131 3415 qui
1150 3375 1191 3410 41
1220 3369 1519 3418 παρασπονδοῦμεν.

1341 408 1623 447 ΑΒΝΟΤΑΤΙΟ
1651 409 1699 445 lN
1728 410 1891 447 SCHOL.

1650 486 1719 528 462
1737 488 1778 521 R.
1794 484 1901 521 habet
1914 482 2128 534 εὐτρέπισται.
2141 508 2178 517 -
2193 485 2246 529 46
2265 482 2530 535 Εὗτρεπίζεται.
2543 486 2560 518 θ

1596 553 1631 586 μ.
1652 538 1735 575 κατὰ
1751 543 1793 575 V.

1646 596 1733 638 463,
1766 594 1811 629 50
1837 592 1987 643 στέφανοι
2011 594 2137 631 Suidas
2163 606 2192 630 s.
2214 592 2320 630 Κατὰ
2345 591 2474 643 χειρός.
2500 595 2561 628 Le-

1596 646 1743 694 gebatur
1762 648 1792 683 οἱ
1808 646 2053 697 στέφανοι-δι
2078 648 2177 696 μέθης
2201 648 2260 684 καὶ
2278 646 2417 697 Θέρμης
2428 646 2559 684 διύὼε.

1647 703 1737 747 465,
1756 702 1801 737 52
1822 701 1887 738 Καὶ
1904 703 1931 737 εἰ
1947 701 2060 739 τούτου
2073 730 2084 748 ,
2112 717 2122 737 ι
2148 701 2407 752 Θεσπρωτείας
2425 704 2487 745 V.‚
2505 701 2559 749 qui

1595 768 1666 790 om.
1683 755 1832 806 λαρινὸν,
1854 756 1925 792 ἀντὶ
1942 761 1999 793 τοῦ
2016 770 2086 792 υιιι.
2111 761 2153 793 R.
2168 780 2210 787 -
2227 759 2248 793 3
2270 758 2322 794 ὣς
2350 756 2432 792 λιπ.
2453 759 2494 790 V.
2513 757 2559 803 βο-

1595 812 1674 846 σκοῢ
1693 813 1735 846 R.
1751 809 1874 858 νομέως
1893 811 1972 847 Ald.
1986 813 2104 860 βοσκοῦ
2120 811 2217 847 haud
2234 810 2362 847 dubie
2379 810 2451 846 suit
2461 810 2499 845 iu
2510 813 2558 853 V.‚

1595 865 1658 912 qui
1673 877 1767 901 nunc
1784 878 1805 901 a
1821 874 2022 902 correctore
2038 866 2145 903 babet
2163 865 2330 915 ῥωμὲως,
2351 865 2458 901 unde
2473 865 2508 900 in
2521 869 2556 901 G.

1597 919 1725 954 sactum
1742 919 1921 969 ῥωμαλέον.
1933 944 1972 951 -
1987 921 2006 956 5
2026 924 2068 956 R.
2093 920 2205 956 habet
2220 919 2353 956 πείσει.

1646 979 1710 1017 471
1737 977 1778 1010 R.
1803 973 1911 1010 habet
1944 975 2093 1022 glussam
2117 974 2192 1011 ἀντὶ
2220 977 2285 1010 τοῦ
2312 973 2477 1022 ἀνέγνως.
2492 971 2558 1016 —7'

1595 1027 1675 1064 Ὀτι
1691 1035 1727 1064 et
1742 1030 1763 1063 8
1785 1031 1803 1065 ὁ
1823 1041 1892 1064 om.
1912 1032 1953 1065 V.
1971 1052 2008 1059 -
2024 1044 2047 1076 9
2068 1027 2210 1077 Ἰάδμων
2236 1038 2409 1065 vocatur
2430 1027 2478 1064 ab
2495 1031 2554 1063 He-

1595 1081 1726 1117 rodoto
1743 1095 1777 1127 2,
1799 1084 1885 1127 ι34,
1905 1091 1939 1118 et
1958 1084 2003 1119 ab
2022 1083 2130 1119 snida
2157 1098 2185 1119 s.
2211 1083 2399 1125 Αἴσωπος.
2419 1083 2554 1129 Ἴδμονος

1595 1144 1648 1172 est
1677 1137 1772 1185 apud
1813 1138 2038 1174 Heraclidem
2070 1139 2263 1174 Ponticum
2302 1139 2344 1174 in
2386 1138 2552 1173 Gronmii

1595 1191 1778 1227 Thesauro
1794 1192 1866 1227 vol.
1880 1193 1915 1237 6,
1938 1205 1969 1240 p.
1984 1196 2090 1237 2827,
2111 1192 2215 1240 cnjus
2230 1192 2356 1228 verba
2375 1192 2553 1240 descripsit

1595 1245 1792 1281 scholiasta.
1810 1249 1864 1281 τοῦ
1877 1248 1976 1294 σοφοῦ
1985 1250 2112 1282 Portus
2127 1259 2136 1281 :
2157 1258 2242 1294 quae
2263 1248 2460 1283 correctio
2473 1247 2553 1293 opti-

1596 1312 1652 1336 me
1669 1301 1837 1336 convenit
1852 1299 1997 1348 Ἴδμονος
2015 1301 2163 1336 ιιοιιιίιιί.
2185 1302 2261 1337 Sed
2283 1303 2325 1337 in
2345 1303 2464 1350 κωφοῦ
2476 1313 2551 1336 cun-

1594 1355 1702 1389 senlit
1724 1354 1939 1391 Heraclides.
1960 1357 2071 1391 Dum.
2096 1381 2134 1386 -
2157 1367 2202 1390 ιο
2223 1357 2371 1405 πρῶτον
2403 1354 2551 1391 Heracli-

1594 1408 1666 1444 des.
1687 1407 1888 1456 Legebatur
1898 1410 2034 1457 πρῶτος.
2052 1436 2085 1441 .-
2105 1422 2116 1444 ι
2129 1422 2142 1445 ι
2161 1409 2234 1457 leg.
2247 1408 2457 1446 α’ναὸιῶναι.
2468 1421 2550 1443 -12

1593 1463 1631 1499 τὸ
1649 1462 1745 1510 σῶμ’.
1762 1462 1838 1511 ἐγώ.
1863 1465 1942 1513 ψυχ.
1971 1463 2096 1500 Suidas
2124 1477 2154 1501 s.
2177 1463 2405 1501 Ἀναὸιῶναι.
2434 1463 2549 1507 ἀνήκειν

1596 1518 1651 1552 vir
1662 1517 1791 1552 doctus
1802 1517 1899 1565 apud
1914 1517 2141 1553 Gaissordum
2155 1517 2200 1553 ad
2217 1519 2396 1564 Suidam,
2413 1519 2472 1555 alii
2485 1519 2548 1553 ἑπα-

1593 1570 1699 1615 νήκειν
1719 1571 1886 1617 (Meinek.
1903 1574 2001 1609 Com.
2021 1575 2057 1618 1,
2087 1584 2123 1620 p.
2145 1573 2257 1618 640).
2286 1573 2497 1621 Legebatur
2515 1566 2547 1607 a}

1592 1623 1694 1668 ἥκειν.
1721 1625 1830 1673 Apud
1846 1626 1989 1662 Suidam
2010 1625 2074 1661 ἀπὸ
2095 1625 2198 1670 νίκης.
2214 1630 2385 1676 Egregie
2399 1628 2467 1664 hos
2483 1640 2544 1662 ver-

1592 1693 1652 1715 sus
1668 1681 1822 1716 restituit
1833 1680 1957 1717 cobet.
1967 1680 2174 1716 Observalt.
2187 1682 2277 1717 crit.
2292 1682 2333 1718 in
2348 1683 2443 1718 Plat.
2465 1694 2541 1717 com.

1592 1747 1627 1782 p.
1645 1735 1691 1782 95
1707 1748 1772 1782 sq.,
1788 1734 1944 1771 τεθνάναι.
1963 1736 2000 1771 Β.
2012 1735 2050 1771 τὸ
2061 1737 2159 1783 σῶμα
2175 1749 2216 1784 γε
2230 1763 2241 1772 .
2261 1736 2362 1787 ψυχὴ
2393 1738 2422 1772 δ’
2438 1737 2540 1779 ἔπανῆ·

1591 1802 1659 1834 κεν,
1676 1788 1760 1825 ὥσπ.
1779 1792 1817 1826 Α.
1832 1803 1869 1825 π.
1889 1810 1936 1817 -—
1959 1795 1998 1832 ι4
2018 1789 2099 1825 εἰσὶν
2119 1802 2191 1826 om.
2212 1793 2259 1827 V.
2278 1817 2321 1824 -
2345 1793 2394 1828 16
2423 1789 2538 1834 Μνησί·

1593 1857 1697 1892 μαχος
1717 1844 1901 1891 Menagius
1931 1844 1975 1880 ad
1998 1844 2101 1892 Diog.
2118 1847 2159 1881 L.
2186 1856 2230 1889 2,
2262 1847 2321 1881 ι8.
2350 1845 2538 1894 Legebatur

1592 1899 1862 1947 Μνησίλοχος.-
1883 1904 1992 1946 ι9-24
2018 1899 2069 1935 sic
2096 1899 2132 1934 iu
2154 1899 2253 1944 Ald„
2283 1900 2535 1949 εὗδοκιμηκένιι.

1590 1952 1664 2002 περὶ
1677 1952 1707 1988 δ’
1724 1953 1876 1990 Αἰσώπου
1896 1953 1950 1988 καὶ
1966 1954 1998 1988 ἐν
2016 1951 2131 2003 Σφηξί.
2146 1953 2183 1990 τὸ
2205 1954 2243 1991 δὲ
2258 1955 2462 1999 πεπάτηκας
2477 1954 2534 1990 ἀντὶ

1589 2002 1777 2043 ’τοῦ-εἶναι.
1795 2007 1957 2057 φαίνονται
1975 2006 2009 2043 δὲ
2024 2009 2372 2058 τοιοῦτον-λέγομεν.

1641 2064 1729 2108 475,
1749 2065 1794 2099 25
1812 2063 1908 2099 Ἐπεὶ
1926 2062 1959 2099 δὲ
1975 2066 2029 2104 V.‚
2047 2064 2072 2098 i.
2091 2075 2124 2099 e.
2142 2065 2273 2108 ἐπειδή.
2290 2068 2311 2101 ὁ
2330 2079 2419 2114 κορ.,
2434 2066 2475 2101 26
2488 2063 2530 2099 τὸν

1589 2116 1663 2152 Ald.
1683 2121 1734 2153 De
1748 2118 1892 2153 Plutone
1905 2131 1935 2153 v.
1952 2118 2138 2154 Ruhnken.
2149 2118 2194 2154 ad
2209 2120 2396 2156 Timaeum
2409 2132 2444 2168 p.
2462 2120 2527 2159 164.

1640 2173 1722 2217 480,
1745 2173 1789 2208 33
1821 2185 1874 2220 sq.
1893 2171 2439 2223 Ὀρνεα-εὖρισκόμενα-ζητοῦν
2460 2175 2528 2222 (ζη-

1587 2226 1703 2261 τοῦντα
1720 2227 1775 2273 G.)
1794 2229 1833 2262 V.
1849 2252 1885 2257 -
1905 2227 1950 2261 35
1964 2225 2080 2267 ἄλλως.
2097 2225 2212 2269 ἔπαιξε
2227 2226 2262 2263 δὲ
2279 2231 2328 2264 V.
2342 2254 2384 2261 -
2400 2230 2443 2264 36
2457 2225 2528 2276 παρὶ

1587 2278 1625 2314 τὸ
1637 2280 1711 2329 δρῦς
1729 2284 1772 2316 G.

1639 2337 1705 2376 484
1721 2361 1731 2378 ,
1761 2336 1807 2381 39
1825 2333 1858 2370 δὲ
1884 2334 2109 2385 στρατηλάτης
2130 2338 2171 2371 V.
2196 2337 2278 2372 Ald.
2304 2336 2481 2386 Μίμφιδας
2493 2339 2527 2374 V.

1586 2410 1625 2418 -
1643 2395 1684 2431 41
1710 2403 1766 2439 πρ.
1797 2391 1861 2425 τῶν
1889 2389 2078 2441 ξυγγραφῶν
2108 2389 2214 2431 οὕτως
2243 2395 2293 2430 G.
2313 2417 2357 2425 -
2381 2400 2425 2436 44
2450 2393 2528 2441 μάχῃ

1587 2457 1656 2480 οιιι.
1676 2445 1752 2480 Ald.

1638 2500 1720 2544 487,
1739 2499 1779 2534 51
1802 2501 1849 2548 τῷ
1868 2500 1947 2548 (scr.
1961 2500 2011 2547 τὸ)
2034 2507 2259 2551 τιαροφορεῖν,
2282 2502 2334 2539 53
2350 2503 2477 2553 κίταριν
2497 2505 2528 2537 V.

1638 2559 1705 2600 494
1721 2582 1730 2598 ,
1752 2567 1793 2589 ιο
1814 2554 1846 2588 ἐν
1865 2560 1929 2595 τοῖς
1945 2555 2145 2603 τικτομένοις
2162 2558 2207 2592 R.
2234 2565 2273 2593 et
2293 2559 2362 2606 qui
2380 2566 2475 2594 recte
2488 2556 2530 2592 ixl
2587 2591 2588 2596 ,

1586 2608 1695 2644 habet
1710 2609 1836 2644 Suidas
1860 2621 1888 2644 s.
1910 2609 2112 2645 Δὲκατεύειν.
2136 2610 2169 2645 ἐν
2195 2615 2267 2651 τοῖς
2297 2615 2482 2660 γεννηθεῖσι
2496 2613 2529 2646 V.

1585 2662 1665 2698 Ald.
1686 2662 1823 2698 Deinde
1838 2662 1948 2699 καὶτὰ
1973 2662 2118 2710 ὀνόματα
2142 2663 2218 2699 τότε
2236 2665 2402 2703 ἐτίθεντο.
2417 2666 2467 2704 ὅτι
2483 2666 2529 2709 riv

1585 2717 1722 2761 δεκάτην
1747 2716 1875 2752 εἱστίων
1900 2717 1953 2753 ἐπὶ
1977 2722 2044 2758 τοῖς
2068 2717 2279 2765 τικτομένοις
2306 2720 2368 2758 καὶ
2399 2722 2433 2758 ἐν
2463 2723 2530 2769 αὖτῖι

1583 2780 1648 2807 etc.
1662 2775 1716 2817 V.‚
1731 2772 1792 2819 qui
1804 2782 1885 2808 anie
1904 2771 1952 2808 ὅτι
1969 2785 2103 2821 ponere
2119 2772 2282 2810 debebat
2302 2775 2428 2819 ἄλλως.
2441 2800 2479 2808 -
2499 2790 2529 2812 ιι

1583 2825 1628 2866 τίς
1647 2840 1683 2862 σε
1705 2826 1842 2862 Suidas.
1870 2828 2072 2875 Legebatur
2090 2832 2208 2878 μᾶτερ.
2223 2853 2264 2860 -
2291 2843 2339 2866 ι2
2357 2832 2484 2882 δεκάτῳ
2498 2832 2532 2866 V.

1581 2880 1673 2916 τόκον
1694 2880 1774 2916 Ald.
1791 2905 1829 2911 -
1848 2883 1888 2917 ι6
1910 2883 2033 2930 μᾶλλον
2050 2881 2123 2918 τότε
2138 2882 2218 2919 Ald.
2586 2882 2588 2919 ⁴]

1633 2934 1702 2980 498
1718 2933 1825 2969 habet
1841 2935 1969 2972 suidas
1983 2949 2012 2972 s.
2030 2934 2233 2972 Ἀπέὸλισεν.
2587 2947 2588 2970 l

1631 2988 1713 3032 501,
1729 2993 1773 3029 24
1793 2990 2013 3025 ἐκυλινδοῧντο
2043 2990 2172 3026 Suidas
2195 3005 2225 3027 s.
2261 2989 2429 3038 Ἰχτινος,
2446 3021 2482 3028 ,.
2497 2997 2531 3032 ²3

1581 3040 1682 3082 πίσας
1710 3046 1765 3087 V.‚
1790 3042 1910 3093 πέρσας
1934 3048 1979 3081 G.
2005 3056 2072 3091 pro
2100 3043 2232 3086 παίξας.
2258 3050 2313 3086 V,
2351 3052 2472 3100 pergit
2491 3045 2529 3086 ὦ

1579 3096 1657 3145 φησὶ
1672 3097 1830 3145 βασιλεὺς,
1846 3099 1924 3147 φησὶ
1940 3099 1978 3134 τὸ
1993 3113 2023 3133 κ.
2034 3122 2071 3129 -
2086 3101 2131 3134 26
2150 3100 2330 3147 βασιλέων
2352 3108 2397 3143 V.
2415 3115 2454 3142 et
2464 3106 2535 3143 Sui·

1579 3150 1651 3186 das.
1669 3154 1709 3186 In
1725 3155 1767 3188 R.
1791 3152 1858 3187 ἐστὶ
1880 3152 1914 3188 δὲ
1930 3152 2008 3189 ἴδιον
2022 3156 2054 3202 β.
2076 3153 2114 3190 τὸ
2130 3168 2159 3201 γ.
2176 3177 2220 3185 -
2237 3168 2292 3205 29
2311 3157 2378 3210 ἔαρ
2395 3162 2442 3202 εἰς
2457 3160 2534 3209 ἦμαρ

1578 3207 1625 3242 ἕσ.
1639 3209 1680 3242 V.
1693 3229 1733 3236 —
1751 3208 1792 3242 31
1814 3207 1910 3243 αὐτόν
1926 3212 1967 3245 R.

1627 3261 1718 3306 503,
1737 3262 1781 3295 33
1800 3262 1833 3297 ἐν
1849 3275 1919 3297 om.
1939 3265 1972 3297 V

1627 3315 1696 3358 507
1712 3342 1722 3360 ,
1741 3320 1784 3356 41
1808 3315 1893 3352 εἴποι
1911 3320 1971 3361 R.‚
1990 3318 2051 3365 qui
2071 3316 2142 3365 ἅμα
2168 3322 2214 3370 τῇ
2234 3326 2342 3374 φωνῇ
2358 3324 2533 3377 ἐξήρχοντο,
2587 3324 2588 3341 ¹

1576 3383 1642 3418 pro
1660 3371 1792 3419 quibus
1813 3373 1915 3421 ψωλοὶ
1932 3373 2073 3424 ἤρχοντο
2087 3376 2131 3412 V.
2150 3377 2233 3412 Ald.
