2931 4012
542 406 612 443 800
684 423 695 431 ·

588 499 648 525 848.
673 485 779 537 τυφὼς
798 485 862 537 γὰρ
885 487 1025 524 έκὸαίνει
1048 500 1057 525 :
1084 482 1175 537 (Οἷον
1195 488 1318 539 ἀθρόως
1336 490 1498 527 ἐκὸαίνειν

540 540 677 590 μέλλει.)
689 541 761 583 τοὺς
776 540 809 578 δὲ
827 540 1068 590 καταιγιδώδεις
1084 542 1220 591 ἀνέμους
1234 544 1338 594 τυφὼς
1352 546 1497 582 καλοῦσι.

539 593 645 645 τούτῳ
668 594 811 643 ἐνόμιζον
839 594 964 644 μέλανα
981 596 1063 647 ἄρνα
1088 597 1230 647 σφάζειν,
1248 597 1335 640 ὅπως
1361 598 1442 648 λήξῃ
1460 599 1497 636 τὸ

539 652 679 697 πνεῦμα.
700 650 744 691 εἰς
759 648 813 685 τὸν
830 649 994 699 Αἰσχύλον
1013 649 1047 686 δὲ
1066 654 1169 688 τοῦτο.

505 719 522 743 ο
585 715 645 740 848.
671 697 698 740 ὦ
715 703 880 754 Κρητικὰς
895 703 953 752 μὲν
967 716 977 742 z
992 705 1064 753 (Ἐν
1076 704 1138 756 γὰρ
1149 708 1216 748 τοῖς
1229 706 1356 757 Κρησὶν
1367 707 1497 758 Ἴκαρον

541 758 744 807 μονῳδοῦντα
763 758 904 803 ἐποίησε.
943 757 1013 807 καὶ)
1033 761 1063 796 οἱ
1084 758 1142 807 μὲν
1160 762 1205 802 εἷς
1218 759 1278 805 τὴν
1295 764 1350 798 τοῦ
1369 762 1495 813 Ἰκάρου

475 831 486 842 ·
541 810 700 862 μονῳδίαν
718 813 751 847 ἐν
765 815 830 854 τοῖς
843 812 960 863 Κρησί.
979 811 1171 863 θρασύτερον
1186 813 1249 865 γὰρ
1265 815 1351 851 δοκεῖ
1368 810 1449 852 εἶναι
1460 816 1497 852 τὸ

539 868 724 918 πρόσωπον.
751 866 963 909 Ἀπολλώνιος
987 867 1040 912 δὲ,
1064 867 1113 904 ὅτι
1136 867 1270 905 δύναται
1292 869 1348 906 καὶ
1371 872 1415 912 εἰς
1438 870 1496 915 τὴν

540 920 694 972 Ἀ-ερόπην
708 920 767 965 τὴν
781 922 815 958 ἐν
831 922 901 963 ταῖς
917 921 1086 971 Κρήσσαις
1101 923 1263 973 εἰρῆσθαι·
1283 923 1323 968 ἣν
1344 923 1497 974 εἰσήγαγε

494 985 524 1011 Ιο
540 975 766 1026 πορνεύουσαν.
785 971 878 1025 οἶμαι
895 975 929 1013 δὲ
947 975 1000 1013 διὰ
1011 976 1053 1013 τὰ
1071 977 1104 1013 ἐν
1117 979 1164 1027 τῷ
1179 977 1298 1028 Αἰόλῳ.
1313 979 1498 1028 Τιμαχίδας

541 1029 593 1076 δὲ,
616 1030 670 1066 διὰ
683 1029 743 1075 τὴν
766 1032 810 1079 (ἐν
825 1031 893 1073 τοῖς
911 1030 1030 1081 Κρησὶ)
1051 1030 1136 1079 μίξιν
1157 1031 1333 1082 Πασιφάης
1348 1033 1427 1084 πρὸς
1445 1034 1497 1070 τὸν

538 1087 667 1136 ταῦρον.
742 1083 893 1135 [Ἄλλως.
912 1087 948 1121 ἐκ
958 1087 1022 1121 τῶν
1039 1086 1072 1121 ἐν
1084 1087 1131 1135 τῷ
1145 1086 1255 1136 Αἰόλῳ
1274 1087 1428 1136 Κανάχης
1442 1087 1498 1123 καὶ

540 1138 739 1189 Μακαρέως,
760 1138 801 1183 ἢ,
819 1138 862 1181 ὥς
876 1154 978 1185 τινες,
996 1139 1126 1183 Δανάης
1139 1139 1195 1175 καὶ
1212 1140 1390 1191 Μεγαρέως
1407 1142 1499 1178 ἀδελ-

541 1195 619 1244 φῶν.
637 1193 740 1230 ἐδόκει
757 1193 821 1244 γὰρ
845 1194 910 1235 τοῖς
929 1194 1080 1235 παλαιοῖς
1095 1193 1182 1230 πάνυ
1205 1193 1314 1242 ἐναγὲς
1328 1189 1409 1232 εἶναι
1428 1198 1498 1237 ταῖς

494 1258 525 1284 Ιο
543 1248 695 1298 ἀδελφαῖς
724 1247 908 1296 μίγνυσθαι.
933 1247 955 1292 ἢ
973 1247 1022 1284 ὅτι
1049 1250 1070 1292 ἡ
1090 1248 1244 1300 Φαίδρα,
1270 1245 1309 1294 ἧς
1333 1249 1371 1285 τὸ
1400 1250 1499 1292 πάθος

542 1302 842 1353 ἐδραματούργησε,
872 1304 1009 1352 Κρῆσσα
1040 1298 1091 1348 ἦν.
1119 1303 1175 1340 καὶ
1204 1303 1330 1352 γάμους
1355 1303 1498 1344 ἀνοσίους

542 1356 646 1406 λέγει,
664 1356 717 1393 διὰ
734 1356 772 1393 τὸ
792 1355 893 1401 αὐτὴν
919 1358 1093 1406 ἐρασθῆναι
1112 1357 1169 1406 μὲν
1191 1356 1403 1402 Ἱππολύτου,
1427 1357 1461 1394 ὃν
1483 1360 1500 1394 ὁ

543 1410 672 1456 Θησεὺς
687 1410 721 1453 ἐξ
737 1410 934 1455 Ἱππολύτης
948 1410 1042 1460 ἔσχε,
1061 1417 1136 1459 μιᾶς
1153 1413 1217 1448 τῶν
1235 1410 1432 1459 Ἀμαζόνων,
1451 1410 1496 1459 μὴ

544 1466 731 1511 δυνηθεῖσαν
747 1463 782 1501 δὲ
798 1464 926 1501 τελέσαι
940 1464 995 1501 τὸν
1019 1464 1124 1516 ἔρωτα
1153 1464 1206 1501 διὰ
1223 1464 1282 1510 τὴν
1305 1464 1498 1503 Ἱππολύτου

492 1537 527 1562 20
544 1518 766 1572 σωφροσύνην,
781 1519 904 1569 ἀγχόνῃ
917 1519 1133 1571 χρήσασθαι]

590 1587 651 1612 ωε.
676 1573 817 1624 πόνηρον
830 1575 965 1610 ἐνταῦθα
978 1572 1000 1618 ἢ
1011 1573 1066 1610 τὸν
1078 1573 1177 1610 κακὸν
1194 1574 1277 1619 νοεῖ,
1292 1573 1424 1624 εὕρηται
1437 1573 1500 1625 γὰρ

542 1628 598 1666 καὶ
617 1628 718 1670 οὕτως
731 1656 741 1674 ,
757 1627 779 1672 ἢ
795 1627 850 1664 τὸν
864 1627 1017 1678 γεωργόν.
1037 1634 1123 1664 Cant.
1142 1641 1166 1665 1.

590 1694 650 1720 ³⁶⁴.
675 1681 730 1718 ἵνα
748 1681 794 1730 μὴ
809 1681 975 1732 κεφαλαίῳ
992 1694 1001 1719 :
1022 1682 1106 1718 Ἀντὶ
1122 1684 1178 1718 τοῦ
1198 1682 1297 1732 ἁδρῷ.
1311 1681 1369 1717 καὶ
1382 1683 1415 1717 ἐν
1434 1682 1499 1719 Νε-

541 1737 654 1788 φέλαις
669 1737 748 1786 [οει]
763 1736 937 1787 κεφάλαιον
955 1736 1144 1787 ῥαφανῖδος,

493 1853 525 1878 m
606 1847 667 1878 οὐδ’
681 1847 793 1878 ἑλέσθαι
803 1813 963 1877 ,δειπνοῦντ’
976 1845 1039 1881 ἐξῆν
1049 1845 1203 1884 κεφάλαιον
1213 1848 1263 1883 τῆς
1275 1846 1433 1885 ῥαφανῖδος.

591 1939 756 1990 κεφαλαίῳ
779 1951 788 1976 :
814 1939 986 1988 Καθολικῷ
1005 1937 1061 1974 καὶ
1084 1937 1229 1988 μεγάλῳ.
1251 1945 1307 1974 Br.
1325 1936 1498 1988 κεφάλαιόν

541 1995 610 2031 ἔστι
626 1993 664 2030 τὸ
679 1993 759 2044 πρὸς
775 1992 817 2029 τὰ
834 1991 941 2044 φύλλα
959 1992 1133 2033 καυλῶδες.
1158 1994 1217 2029 οὐκ
1232 1991 1345 2039 ἔτεμον
1363 1990 1397 2028 δὲ
1413 1990 1500 2028 κατὰ

541 2051 645 2097 μ’ἧκος
658 2050 701 2089 ὡς
711 2051 777 2092 νῦν,
794 2046 878 2083 ἀλλὰ
895 2046 979 2083 κατὰ
993 2045 1111 2083 κύκλον
1127 2046 1185 2088 τὰς
1203 2046 1390 2097 ῥαφανῖδας.
1419 2052 1497 2082 Vict-

590 2115 650 2140 855.
677 2101 774 2151 ἐκχέῃ
792 2101 847 2138 τὸν
864 2101 1014 2152 Τήλεφον
1033 2114 1042 2138 :
1059 2100 1193 2138 Ὡσανεὶ
1210 2099 1271 2151 ἔφη
1288 2100 1343 2137 τὸν
1361 2099 1500 2151 ἐγκέφα-

493 2168 527 2193 80
542 2158 607 2194 λον.
625 2156 780 2193 ἰδιώτατα
795 2156 829 2191 δὲ
845 2155 900 2192 τὸν
915 2155 1066 2205 Τήλεφον
1082 2156 1243 2204 κωμῳδεῖ.

590 2224 650 2249 8⁶7.
676 2209 783 2258 ἔλεγχ’
805 2208 912 2253 αὐτὸν,
929 2208 1063 2257 ἐλέγχου
1079 2208 1159 2258 παρ’
1172 2210 1281 2244 αὐτοῦ.
1301 2215 1333 2244 G.
1352 2216 1392 2244 D.

592 2277 651 2302 889.
678 2262 789 2313 ὥσπερ
804 2268 913 2312 πρῖνος
933 2276 942 2299 :
959 2261 1039 2299 'On
1060 2265 1082 2306 ἡ
1099 2266 1209 2311 πρῖνος
1225 2260 1380 2308 καιομένη
1398 2260 1499 2312 ψόφον

542 2325 638 2356 ποιεῖ.
656 2337 700 2344 ·-
716 2316 785 2354 ἔστι
802 2316 837 2369 δὲ
852 2319 874 2360 ἡ
896 2321 1005 2365 πρῖνος
1027 2315 1117 2357 ξύλον
1134 2314 1337 2364 πικρότατον.
1356 2323 1390 2351 R.
1404 2323 1441 2352 V.
1460 2323 1498 2353 θ.

593 2386 653 2411 881.
679 2375 722 2414 ὣς
738 2371 793 2408 ἐπὶ
813 2369 1044 2420 ἀλεκτρυόνων.
1060 2377 1096 2406 Β.
1111 2377 1148 2406 V.

494 2440 527 2465 ³5
593 2442 651 2466 802.
677 2426 719 2463 τὰ
735 2425 907 2476 κεφάλαια.
925 2432 961 2461 R.

592 2495 654 2520 8ο4.
682 2481 757 2518 κᾶτι
783 2479 874 2528 μάλα
890 2479 945 2515 τὸν
970 2478 1120 2529 Τήλεφον
1147 2479 1158 2515 :'
1181 2478 1273 2516 Ὡσεὶ
1289 2478 1350 2530 ἔφη
1363 2506 1374 2527 ,
1392 2478 1448 2515 καὶ
1464 2478 1499 2515 ὃν

543 2537 710 2587 κωμῳδεῖς
725 2534 888 2584 Τήλεφον,
903 2535 948 2576 εἰς
962 2532 1060 2581 μέσον
1079 2531 1165 2584 φέρε.

592 2604 653 2629 aas.
680 2588 750 2633 ὁτιὴ
768 2588 897 2633 ποίησις
913 2587 986 2636 οὐχὶ
1004 2586 1211 2632 συντέθνηκεν
1229 2600 1239 2624 t
1257 2587 1355 2624 Ἐπεὶ
1373 2586 1415 2624 τὰ
1436 2590 1500 2625 Αἰ·-

544 2645 665 2695 σχύλου
685 2642 881 2693 ἐψηφίσαντο
896 2641 1068 2679 διδάσκειν.
1085 2643 1255 2690 κομπῶδες
1269 2641 1303 2679 δὲ
1317 2645 1411 2678 τοῦτο
1427 2642 1498 2692 ἔφη.

493 2714 530 2739 ιο
544 2702 609 2737 τῶν
624 2697 687 2748 γὰρ
702 2697 845 2733 δυνατῶν
863 2696 919 2732 καὶ
937 2695 1020 2744 μετὰ
1034 2696 1169 2733 θάνατον
1187 2697 1318 2747 ᾅδονται
1339 2695 1380 2732 τὰ
1402 2697 1500 2740 ποιή-

544 2768 645 2805 ματα.
664 2777 710 2785 --
726 2750 796 2795 δτιὴ
815 2763 824 2787 :
844 2752 946 2788 Διότι.
968 2750 1120 2796 ποίησιςε
1139 2750 1195 2788 Ἢ.
1214 2759 1252 2787 D.

592 2820 653 2844 889.
679 2804 782 2855 τούτῳ
800 2804 834 2841 δὲ
860 2804 1050 2851 συντέθνηκε
1070 2818 1079 2842 :
1099 2807 1372 2842 Συναποθανοῧσα
1398 2804 1494 2854 πάρε-

544 2878 614 2901 στιν
631 2860 739 2900 ἐνθάδε
756 2861 788 2895 ἐν
805 2862 853 2909 τῷ
868 2857 948 2908 “Aen
959 2888 969 2904 ‚
984 2858 1039 2895 καὶ
1057 2859 1119 2902 ἕξει
1136 2859 1236 2903 αὐτὴν
1255 2858 1435 2908 ξύμμαχον.

593 2929 653 2954 874.
680 2915 771 2963 ὑμεῖς
786 2913 819 2950 δὲ
837 2896 907 2955 ταῖς
925 2913 1073 2955 Μούσαις
1097 2926 1106 2951 :
1126 2913 1213 2963 Πρὸς
1229 2913 1282 2950 τὸν
1299 2913 1408 2964 χορόν.
1430 2912 1498 2949 ἴσον

497 2988 528 3013 6⁵
543 2973 591 3021 τῷ
607 2968 772 3020 προᾴσατε
783 2996 793 3015 ,
809 2970 852 3008 ὡς
869 2967 1099 3017 ὑπογραμμὸς,
1113 2968 1327 3018 προγραμμός
1340 2982 1388 3008 τις
1405 2966 1461 3004 ὤν.

592 3039 651 3064 875.
679 3023 771 3073 [Διὸς
790 3021 880 3058 ἐννέα
907 3034 915 3059 :
943 3021 1087 3071 Κορωνὶς
1112 3022 1169 3058 καὶ
1198 3022 1331 3064 είσθεσις
1357 3020 1498 3071 ἐπῳδικὴ

544 3080 596 3117 διὰ
609 3079 646 3116 τὸ
661 3077 743 3127 μετὰ
761 3075 820 3121 τὴν
837 3075 993 3127 κορωνίδα
1010 3075 1170 3121 τίθεσθαι,
1183 3079 1219 3113 ἐκ
1235 3075 1346 3112 κώλων
1362 3077 1500 3112 ἀναπαι-

544 3137 660 3171 στικῶν
679 3131 738 3182 μὲν
757 3130 914 3179 διμέτρων
932 3132 1159 3180 ἐφθημιμερῶν
1177 3130 1262 3166 κατὰ
1275 3129 1333 3171 τὰς
1349 3130 1500 3178 περιττὰς

544 3188 668 3239 χώρας,
680 3185 767 3223 κατὰ
780 3185 813 3221 δὲ
827 3184 885 3226 τὰς
898 3182 1010 3234 ἀρτίας
1027 3185 1284 3220 ἀντισπαστικῶν
1297 3183 1453 3231 ἡμιολίων
1468 3185 1500 3227 ἐξ

497 3257 528 3281 w
548 3232 708 3291 ἐπιτρίτου
729 3238 901 3289 τετάρτου,
918 3237 940 3283 ἢ
963 3238 1020 3274 καὶ
1036 3237 1320 3282 πεντασυλλάὸου,
1336 3236 1422 3282 πλὴν
1445 3243 1500 3275 τοῦ

544 3294 809 3345 τρισκαιδεκάτου
821 3293 978 3342 ἰαμὸικοῦ
990 3294 1131 3341 καθαροῦ
1146 3290 1235 3333 ὄντος
1245 3294 1479 3341 ἑφθημιμεροῦς
1489 3305 1498 3313 ·

546 3353 585 3401 ἐφ
611 3344 638 3401 ᾧ
654 3348 795 3399 κορωνίς.
815 3347 886 3393 ἑξῆς
903 3346 938 3384 δὲ
953 3345 1105 3395 σύστημα
1120 3345 1203 3382 κατὰ
1220 3345 1397 3395 περικοπὴν
1413 3347 1502 3393 ἀμοι-

1251 408 1485 447 scnouA
1521 411 1578 448 IN
1611 411 1797 450 RANAS.
1822 385 1824 387 ⁵

1554 491 1657 529 ὅαῗον.
1676 494 1705 529 οἱ
1732 492 1766 529 δὲ
1791 491 1896 543 στίχοι
1923 492 2069 541 ἰαμὸικοὶ
2098 493 2263 544 τρίμετροι
2291 495 2512 541 ἀκατάληκτοι

1552 545 1646 583 δέκα·
1661 540 1706 582 ὧν
1722 548 1902 589 τελευταῖος

1703 641 1792 681 ὀρθῶς
1807 643 1836 681 μ’
1852 643 1989 682 ἐλέγχειν,
2007 644 2047 674 ὧν
2056 644 2091 674 ἂν
2103 644 2238 683 ἅπτωμαι
2253 645 2357 684 λόγων.

1551 724 1605 762 ἐπὶ
1620 727 1667 776 τῷ
1681 725 1767 763 τέλει
1781 726 2024 779 παράγραφος.]
2043 751 2089 756 -
2106 728 2177 765 ἀντὶ
2193 734 2250 766 τοῦ
2267 730 2454 783 θυγατέρες.
2474 737 2511 769 R.

1550 786 1627 816 ven.
2529 806 2544 828 5

1600 846 1659 872 878.
1684 834 1758 885 περὶ
1776 835 1952 885 Αἰσχύλου.
1969 843 2005 872 R.
2020 844 2059 874 V.

1600 901 1659 926 877.
1687 889 1908 937 γνωμοτύπων
1940 903 1949 928 :
1971 890 2063 940 [Τῶν
2081 890 2137 933 τὰς
2154 892 2275 934 οἰκείας
2297 893 2431 942 γνώμας
2458 894 2513 931 διὰ

1551 944 1615 978 τῶν
1631 942 1737 991 λόγων
1754 942 1948 980 τυπούντων.
1964 943 1985 987 ἢ
2002 947 2065 980 τῶν
2078 944 2198 986 τύπους
2215 945 2315 988 αὐτὰς
2332 948 2399 988 τοῖς
2413 946 2509 984 ὕστε-

1553 1011 1606 1048 ρον
1625 997 1946 1045 καταλιμπανόντων.
1963 998 2004 1049 ἢ]
2022 1002 2086 1036 τῶν
2104 1000 2174 1041 ταῖς
2189 999 2334 1049 γνώμαις
2351 1002 2513 1046 ἀλλήλους

1551 1065 1745 1089 τυπῐοντων.
2531 1076 2558 1101 10

1601 1104 1820 1157 ὀξυμερίμνοις
1840 1119 1849 1144 :
1867 1109 1944 1150 Τοῖς
1957 1107 2040 1156 μετὰ
2055 1108 2197 1158 σκέψεως
2206 1109 2442 1159 εὑρισκομένοις
2457 1110 2514 1147 καὶ

1553 1158 1701 1207 ἀσαφέσι.

1600 1227 1659 1251 881.
1687 1213 1818 1265 ῥήματα
1841 1216 1896 1252 καὶ
1917 1215 2176 1266 παραπρίσματα
2196 1229 2205 1254 :
2225 1218 2256 1254 Τ
2258 1215 2278 1252 ὰ
2297 1216 2356 1265 μὲν
2379 1217 2512 1268 ῥήματα

1553 1268 1631 1318 πρὸς
1652 1268 1707 1304 τὸν
1736 1270 1912 1318 Αἰσχύλον,
1934 1270 1976 1306 τὰ
2000 1270 2034 1307 δὲ
2059 1270 2320 1321 παραπρίσματα
2352 1271 2432 1322 πρὸς
2458 1271 2513 1308 τὸν

1554 1322 1732 1372 Εὐριπίδην
1748 1324 1942 1374 λεπτολόγον
1958 1325 2045 1362 ὄντα.
2530 1350 2557 1375 ¹⁶

1602 1389 1660 1413 888.
1687 1377 1840 1427 Δήμητερ
1853 1382 1873 1423 ἡ
1884 1378 2030 1429 θρέψασα
2048 1391 2057 1416 :
2078 1379 2226 1428 Παρόσον
2238 1379 2437 1421 Ἐλευσίνιος
2450 1383 2513 1416 τῶν

1554 1429 1663 1477 δήμων
1680 1425 1719 1475 ἧν
1736 1433 1752 1466 ὁ
1769 1431 1940 1481 Αἰσχύλος.
1960 1432 1999 1482 [ἢ
2017 1431 2066 1468 ὅτι
2081 1434 2114 1468 ἐν
2131 1436 2196 1475 τοῖς
2213 1433 2424 1476 Ἐλευσινίοις
2441 1435 2511 1471 ἐτε-

1552 1485 1639 1521 λεῖτο
1651 1483 1694 1520 τὰ
1709 1484 1857 1534 δράματα
1875 1489 1930 1522 τοῦ
1946 1485 2125 1536 Αἰσχύλου.
2143 1485 2211 1523 ἔστι
2228 1486 2262 1523 δὲ
2279 1490 2375 1524 τοῦτο
2389 1487 2428 1524 τὸ
2440 1487 2511 1530 ἔπος

1554 1537 1748 1588 Αἰσχύλου.]
2241 1543 2245 1545 “

1601 1604 1661 1629 887.
1687 1592 1790 1629 λείπει
1805 1592 1939 1638 ποίησον
1957 1593 1978 1639 ἢ
1997 1593 2061 1635 δός.
2079 1602 2116 1631 R.
2127 1601 2167 1631 M.

1601 1659 1662 1683 ew.
1687 1645 1742 1682 τὸν
1756 1647 1891 1697 καρπόν.
1910 1653 1946 1683 1³.
1967 1648 2084 1695 (καλῶς
2099 1660 2107 1685 :
2122 1647 2203 1684 “On
2217 1647 2274 1684 καὶ
2287 1651 2343 1684 ν’ὖν
2356 1649 2395 1685 τὸ
2407 1650 2514 1692 καλῶς

1553 1697 1607 1735 ἐπὶ
1623 1700 1829 1748 παραιτήσει.
1844 1701 2121 1751 ἀποστρεφόμενος
2135 1701 2169 1738 δὲ
2186 1702 2241 1738 καὶ
2259 1703 2514 1753 παραιτούμενος

1553 1754 1571 1788 ὁ
1587 1753 1762 1803 Εὐριπίδης
1778 1754 1864 1802 λέγει
1880 1754 1916 1791 τὸ
1930 1756 2058 1803 καλῶς.)
2203 1751 2206 1754 Δ

1602 1820 1661 1844 889.
1687 1807 1788 1859 ἕτεροι
1805 1808 1868 1859 γάρ
1888 1811 1965 1845 εἰσιν
1984 1804 2064 1846 οἶσιν
2088 1809 2226 1859 εὔχομαι
2250 1822 2260 1848 :
2279 1808 2357 1847 Ἀτε
2374 1811 2415 1857 δὴ
2435 1812 2511 1849 Σω-

1553 1861 1701 1912 κρατικὸς
1718 1861 1763 1898 ὢν
1783 1862 1879 1899 καινὰ
1893 1863 2043 1911 δαιμόνια
2057 1863 2209 1902 ἔπλασεν.

1601 1929 1661 1954 880.
1688 1918 1732 1958 ὡς
1745 1917 1799 1954 ἐπὶ
1814 1917 2034 1965 νομισμάτων.
2050 1924 2086 1953 R.

1601 1983 1662 2009 ⁸91.
1691 1972 1803 2019 (τοῖσιν
1827 1970 1967 2014 ἰδιώταις
1988 1973 2067 2014 θεοῖς
2090 1985 2098 2009 :
2121 1970 2215 2014 Τινὲς
2236 1973 2271 2009 ἐν
2291 1976 2338 2023 τῷ
2356 1975 2439 2016 θεοῖς
2457 1973 2512 2011 δύο

1553 2023 1704 2070 τιθέασιν,
1720 2024 1774 2062 ἵνα
1789 2025 1823 2062 ἓν
1840 2021 1862 2075 ᾖ
1876 2025 1932 2070 τὸ,
1950 2025 2024 2062 ἴδιοί
2040 2026 2121 2067 τινές
2137 2040 2187 2063 σοι
2201 2026 2314 2075 κόμμα
2329 2027 2462 2075 καινόν.)

1601 2091 1660 2116 892.
1687 2078 1781 2129 αἰθὴρ
1799 2079 1876 2127 ἐμὸν
1900 2079 2051 2129 βόσκημα
2070 2093 2079 2118 t
2104 2080 2183 2129 (Καὶ
2201 2080 2380 2132 Σωκράτης
2393 2084 2427 2118 ἐν
2444 2084 2509 2120 Νε-

1553 2131 1664 2181 φέλαις
1681 2136 1754 2176 [⁶27]
2527 2159 2556 2185 ,υ

1667 2229 1708 2267 μὰ
1721 2229 1772 2265 τήν
1783 2230 1939 2267 ἀναπνοὴν,
1953 2230 1995 2269 μὰ
2007 2230 2041 2261 τὸ
2055 2230 2142 2270 χάος,
2156 2231 2197 2269 μὰ
2209 2231 2259 2261 τὸν
2272 2231 2368 2272 ἆέρα.)

2526 1892 2555 1917 Ξῦ

1553 2314 1783 2365 χαρακτηρίζει
1797 2314 1831 2351 δὲ
1844 2316 2035 2367 Εὐριπίδην,
2051 2317 2235 2367 εὗεπίφορον
2248 2317 2325 2353 ὄντα
2334 2317 2389 2354 ἐπὶ
2398 2318 2436 2355 τὸ
2447 2319 2513 2355 ὄνο-

1554 2369 1666 2417 μάζειν
1681 2368 1803 2419 αἰθέρα.
1817 2369 1967 2421 στρόφιγξ
1982 2369 2033 2415 δὲ,
2045 2370 2110 2406 ἀπὸ
2121 2374 2176 2406 τοῦ
2189 2371 2333 2421 στρέφειν
2345 2371 2443 2408 αὐτὸν
2456 2372 2512 2409 καὶ

1553 2423 1838 2474 πανουργεύεσθαι.
1853 2446 1896 2452 -
1912 2424 1982 2460 ἀντὶ
1991 2427 2048 2461 τοῦ
2062 2424 2201 2475 στροφὴ,
2218 2425 2352 2470 κίνησις.
2375 2433 2411 2463 11.
2429 2426 2511 2476 [μυ-

1554 2479 1667 2528 κτῆρες
1679 2478 1711 2514 δὲ
1729 2478 1975 2528 ὀσφραντήριοι,
1991 2481 2034 2521 ὡς
2051 2477 2284 2515 συντελούντων
2300 2482 2363 2516 τῶν
2382 2479 2510 2528 μυκτή-
2527 2506 2557 2531 35

1556 2546 1617 2582 ρων
1632 2534 1676 2573 εἰς
1689 2531 1748 2576 τὴν
1762 2532 1899 2582 φωνήν]

1603 2597 1662 2623 894.
1688 2586 1793 2622 λείπει
1807 2586 1843 2623 τὸ
1857 2586 2013 2631 ποιήσατε
2029 2595 2065 2624 R.
2085 2586 2156 2629 δότε
2173 2586 2194 2632 ἢ
2207 2588 2374 2632 θελήσατε.
2389 2596 2426 2626 Θ.

1602 2653 1660 2677 898.
1692 2640 1765 2690 [καὶ
1786 2640 1850 2688 μὴν
1870 2644 1964 2689 ἡμεῖς
1990 2655 1997 2679 ;
2024 2642 2167 2692 Κορωνὶς
2185 2642 2241 2678 καὶ
2260 2642 2394 2684 εἴσθεσις
2414 2645 2512 2692 χοροῦ

1553 2694 1735 2745 προῳδικὴ,
1753 2695 1803 2731 ὅτι
1823 2695 2011 2745 προτίθεται
2029 2698 2087 2740 τῆς
2104 2697 2236 2741 διπλῆς,
2253 2698 2290 2733 ἐκ
2309 2695 2423 2733 κώλων
2439 2711 2514 2747 τρο-

1553 2743 1677 2798 χαῖκῶν
1694 2751 1743 2786 ιδ’·
1762 2744 1806 2786 ὧν
1823 2750 1865 2786 τὰ
1878 2749 1937 2798 μὲν
1952 2752 1994 2794 α’,
2014 2751 2054 2799 β’,
2069 2750 2105 2795 ε’,
2126 2750 2168 2796 ς’,
2191 2751 2239 2798 η’,
2262 2751 2300 2796 θ’,
2325 2754 2379 2796 ια’,
2399 2750 2454 2796 ιδ’,
2473 2752 2511 2787 ιδ’
2529 2781 2558 2804 ω

1554 2803 1687 2854 δίμετρα
1717 2804 1945 2849 ἄκατάληκτα,
1967 2804 2008 2840 τὰ
2029 2805 2057 2840 δ’
2075 2804 2159 2841 ἄλλα
2185 2807 2405 2855 ἐφθημιμερῆ,
2428 2805 2513 2849 πλὴν

1553 2862 1608 2894 τοῦ
1623 2857 1864 2906 παρατελεύτου
1882 2858 2076 2908 μονομέτρου
2098 2859 2326 2903 ἄκαταλήκτου
2344 2859 2443 2901 ὄντος.
2461 2859 2513 2896 ἐπὶ

1552 2914 1599 2963 τῷ
1615 2912 1701 2949 τέλει
1718 2911 1880 2962 κορωνίς.]

1601 2980 1661 3005 898.
1688 2966 1806 3015 [λόγων
1826 2966 2001 3015 ἐμμέλειαν

1551 3021 1611 3066 τὴν
1629 3020 1814 3070 εὐρυθμίαν.
1829 3019 1945 3070 κυρίως
1958 3020 2021 3070 γὰρ
2037 3023 2058 3065 ἡ
2075 3020 2158 3069 μετὰ
2173 3020 2288 3068 μέλους
2305 3020 2445 3071 τραγικὴ
2462 3022 2515 3072 ὄρ·
2531 3050 2560 3073 ⁴5

1551 3090 1656 3125 χησις.
1671 3078 1699 3112 οἱ
1718 3075 1769 3120 δὲ,
1783 3077 1804 3119 ἡ
1820 3075 1898 3125 πρὸς
1914 3075 1971 3117 τὰς
1990 3075 2095 3125 ῥήσεις
2109 3075 2314 3126 ὑπόρχησις.]
2329 3098 2375 3103 -
2395 3075 2484 3112 ἔπιτε
2505 3089 2513 3112 :

1552 3129 1711 3167 ἐπέλθετε.
1726 3138 1761 3167 R.
1774 3138 1811 3166 D.

1603 3197 1663 3221 897.
1691 3181 1784 3221 δαΐαν
1803 3185 1874 3221 ὁδὸν
1893 3198 1902 3222 :
1925 3182 2163 3231 Ἀγωνιστικὴν,
2184 3183 2348 3232 ἔμπειρον,
2367 3184 2445 3232 (ἀπὸ
2463 3189 2516 3221 τοῦ

1555 3240 1696 3286 δαῆναι).
1720 3262 1761 3267 --
1778 3238 1800 3281 ἢ
1819 3238 2008 3287 φιλόνεικον.
2027 3245 2063 3273 R.
2092 3238 2189 3286 ἤγουν
2208 3241 2334 3285 μαθεῖν.
2367 3246 2445 3276 Vlcl.
2465 3239 2517 3276 ἐπὶ

1554 3293 1677 3334 τούτοις
1692 3292 1726 3328 δὲ
1741 3290 1833 3328 δαΐαν
1849 3293 1931 3333 ὁδὸν,
1952 3291 2113 3342 ἔμπειρον.
2130 3291 2151 3335 ἢ
2168 3291 2239 3327 ἀντὶ
2252 3295 2308 3328 τοῦ
2327 3292 2516 3342 φιλόνεικον.
2535 3324 2561 3347 5(

1606 3359 1665 3382 υοο.
1695 3347 1884 3395 (προσδοκᾶν
1901 3341 1954 3382 οὖν
1968 3359 1976 3382 ;
1991 3345 2087 3386 Ἔθος
2098 3348 2163 3386 τοῖς
2176 3350 2325 3389 ποιηταῖς
2337 3346 2516 3396 προλέγειν,

2031 2979 2040 3004 :
2063 2966 2144 3005 Ὅτι
2166 2970 2437 3017 καταχρηστικῶς
2461 2971 2514 3004 ν’ὗν
