2931 4012
507 408 577 439 5236

506 479 673 529 ἔνρυθμον.
710 476 862 526 εὔρυθμον
888 477 931 512 Θ.
959 474 1099 525 ἄρυθμον
1126 477 1172 513 Μ.
1201 473 1365 524 εὐρύθμως
1396 477 1436 511 V.

558 586 662 631 1308,
688 586 729 620 31
759 582 847 631 λέγει
868 591 903 619 et
920 582 1001 627 αὕτη
1027 596 1095 619 0111.
1121 584 1164 620 Θ.
1180 607 1216 613 -
1232 585 1275 618 32
1302 583 1438 633 αἰσχρο-

503 645 588 676 ποιεῖ
609 639 694 675 libri
718 646 847 687 praeter
867 641 909 674 R.
924 639 1019 678 -34
1038 637 1170 681 λεσὸιῆν
1186 641 1227 673 V.
1240 660 1278 667 -
1293 637 1338 672 35
1358 637 1440 680 πλη-

503 693 623 736 σιάζειν
642 693 697 729 καὶ
715 691 862 741 μολύνειν
880 692 917 727 τὸ
931 691 1037 738 στόμα
1056 692 1137 727 Ald.
1157 692 1349 739 Sequentia
1369 703 1438 726 om.

503 752 553 784 M.
569 772 608 779 —
621 749 665 784 36
682 746 784 796 τούτῳ
798 750 840 784 V.
857 748 902 783 Θ.
920 750 1013 783 τοῦτο
1028 750 1068 782 R.
1088 746 1138 781 ἐπ’
1155 744 1346 795 αἰσχρότητι
1358 745 1437 781 Ald.

505 804 538 838 αἱ
557 801 694 838 Λέσὸιαι
712 801 908 837 Meinekius
932 804 1030 836 Com.
1053 804 1080 844 Ι,
1105 814 1140 849 p.
1166 802 1247 847 339.
1262 801 1361 836 -38
1390 813 1440 835 τοι

505 859 547 892 V.
573 858 615 893 Θ.
640 870 688 896 τις
708 856 788 891 Ald.
817 869 868 891 σοι
887 856 1046 893 Eustatll.
1063 855 1107 890 ad
1131 858 1276 891 Homer.
1305 867 1340 902 p.
1362 860 1439 899 741,

507 923 562 946 22.
579 909 847 958 Comparandus
864 910 1008 946 Homeri
1026 909 1122 945 locus
1142 910 1183 945 ΙΙ.
1198 912 1226 953 1,
1241 921 1323 954 270,
1344 906 1439 944 δώσει

503 964 532 1000 δ’
548 963 630 1000 ἑπτὰ
652 969 803 1012 γυναῖκας
833 963 983 1011 ἀμύμονα
1012 963 1077 1013 ἔργ’
1100 962 1237 1011 εἰδυίας,
1266 962 1437 1002 Λεσὸίδας.

503 1042 541 1051 -
558 1020 603 1066 39
615 1018 714 1055 καλόν
727 1032 763 1065 γε
781 1019 992 1054 Eustathius.
1009 1017 1163 1066 καστρίας
1175 1021 1218 1054 V.

554 1076 664 1120 1309,
683 1079 727 1114 4ο
742 1072 970 1121 χαρακτηρίζει
994 1074 1036 1108 R.
1058 1070 1287 1121 χαρακτηρίζω
1312 1074 1354 1106 V.
1373 1084 1439 1118 χα-

504 1127 729 1177 ρακτηρίζουσι
748 1126 854 1161 ceteri
873 1134 909 1161 et
923 1130 1028 1174 Reg„
1052 1126 1114 1173 qui
1134 1124 1192 1169 τὴν
1209 1126 1288 1174 Εὐρ.
1310 1124 1438 1167 ποίησιν

503 1183 546 1223 ὡς
563 1180 705 1217 ἔκλυτον.
727 1180 916 1227 Sequentia
936 1193 1004 1215 om.
1017 1177 1314 1218 Θ.-ἀλκυονίτιδες
1332 1179 1437 1213 etiam

503 1239 588 1282 Reg.
612 1236 718 1280 Quod
738 1235 874 1270 librarii
898 1247 1020 1270 errore
1038 1234 1243 1270 Dindorfius
1265 1234 1437 1280 scriptum

504 1298 602 1337 putat
620 1303 686 1337 pro
703 1289 895 1329 ἀλκυονίδες.

552 1344 661 1388 1310,
680 1346 724 1385 48
740 1342 803 1379 Διὰ
821 1343 858 1378 τὸ
874 1346 929 1385 R„
949 1343 1010 1390 qui
1028 1348 1074 1389 49
1097 1341 1204 1384 παίζει
1221 1351 1256 1377 et
1275 1341 1308 1377 δὲ
1322 1354 1438 1377 om.-

505 1398 550 1432 50
577 1397 632 1433 καὶ
652 1399 686 1434 οὐ
713 1397 784 1433 καθ’
817 1396 888 1440 ἑξῆς
915 1397 1023 1432 idem.
1054 1396 1171 1432 Habet
1199 1396 1230 1438 ἐξ
1254 1393 1440 1445 Ἰφιγενείας

506 1451 680 1501 Εὐριπίδου
711 1459 791 1499 post
821 1451 979 1486 scholion
1000 1463 1033 1485 v.
1055 1451 1276 1486 1315.-.52
1310 1448 1434 1486 Αὐλίδι.

503 1509 578 1541 lmo
596 1505 755 1555 Ταύροιςι
771 1505 909 1540 videtur
925 1505 1017 1540 enim
1037 1506 1212 1552 respicere
1224 1505 1268 1540 ad
1283 1517 1315 1541 ν.
1336 1503 1438 1550 1089,

501 1558 602 1609 ὄρνις,
622 1559 643 1594 ἃ
658 1558 748 1609 παρὰ
764 1559 913 1609 πετρίνας
930 1558 1047 1594 πόντου
1063 1559 1208 1609 δειράδας
1226 1556 1353 1594 ἀλκυὼν
1371 1557 1440 1593 ἔλε-

502 1627 556 1661 γον
577 1607 661 1649 οἶτον
679 1612 801 1653 ἀείδεις.
815 1616 925 1648 num.

556 1670 659 1713 1311,
687 1680 700 1702 1
726 1666 762 1702 τὸ
783 1666 854 1709 ἑξῆς
883 1667 986 1716 ῥανίσι
1015 1666 1097 1716 χρόα
1127 1666 1244 1706 νοτίαις
1272 1669 1330 1710 R„
1357 1666 1440 1701 licet

504 1721 539 1755 in
558 1721 784 1768 sequentibus
805 1733 948 1768 quoqne
969 1720 1074 1770 ῥανίσι
1093 1730 1128 1757 et
1146 1719 1230 1769 χρόα
1251 1719 1388 1756 habeat.

556 1777 661 1818 1314,
686 1776 706 1810 3
729 1773 770 1811 Ἡ
795 1774 827 1810 δὲ
857 1778 897 1810 V.
921 1775 965 1811 Θ.
987 1778 1049 1820 Μ.,
1083 1776 1143 1823 qui
1174 1775 1248 1810 haec
1275 1775 1438 1822 proximo

503 1829 639 1864 scholio
660 1837 893 1876 postponunt.
916 1827 1113 1878 παρέκτασις
1133 1832 1219 1876 Reg.
1242 1829 1269 1864 εἶ
1290 1831 1317 1864 εἰ
1336 1828 1437 1864 εἷλίσ-

503 1895 574 1918 σετε
592 1886 634 1919 R.
654 1881 910 1925 εἷειειειεῖλήσετε
931 1885 975 1918 V.
993 1884 1022 1918 εἱ
1042 1884 1069 1918 εἱ
1087 1882 1247 1926 εἱλήσεται
1268 1886 1317 1918 Μ.
1341 1881 1439 1917 εἱλίσ-

502 1950 572 1971 σετε
593 1937 673 1973 Ald.
689 1936 766 1970 —5
787 1930 867 1976 εἶδος
893 1935 1049 1985 ἀράχνου.
1072 1935 1109 1972 τὸ
1125 1935 1158 1971 δὲ
1176 1935 1343 1976 δακτύλοις
1362 1935 1439 1971 παί-

503 1991 563 2030 ζων
584 1989 669 2037 λέγει
692 1993 777 2037 Reg.
800 2010 847 2018 —
870 1991 891 2025 6
913 1989 955 2025 τὰ
976 1989 1060 2040 ἄκρα
1081 1992 1145 2027 τῶν
1172 1989 1337 2025 δακτύλων
1359 1989 1436 2025 Ald.

502 2044 564 2082 τῶν
584 2043 747 2079 δακτύλων
780 2043 821 2080 τὰ
842 2043 926 2094 ἄκρα
959 2047 998 2081 V.
1029 2044 1129 2094 ἄρθρα
1158 2045 1438 2091 interpretantur

502 2098 694 2143 Hesychius
714 2107 749 2133 et
770 2099 893 2134 Suidas
921 2111 948 2135 S.
978 2098 1150 2146 Φάλαγγες
1168 2114 1176 2134 :
1198 2098 1281 2148 ἄκρα
1312 2098 1438 2134 Suidas

501 2163 526 2185 s.
550 2151 699 2199 ψάλαγξ.
722 2153 870 2187 Restitui
894 2152 1069 2201 ἄρθραςάε
1090 2166 1162 2200 quo
1181 2153 1263 2188 vide
1286 2166 1352 2188 van
1376 2152 1438 2187 der

502 2205 634 2240 Linden
657 2206 694 2241 in
713 2206 886 2241 Medicina
907 2207 1149 2254 physiologica
1171 2219 1203 2253 p.
1223 2207 1305 2252 639.
1326 2208 1436 2241 Dum.

555 2259 658 2301 1315,
687 2260 780 2294 8-12
804 2259 847 2294 ad
876 2259 1017 2308 ἀράχναι
1037 2273 1107 2295 0111.
1129 2262 1233 2296 etiam
1254 2260 1297 2296 Θ.
1319 2263 1368 2294 Μ.
1393 2281 1435 2288 --

505 2323 547 2346 10
562 2311 716 2348 εἱλίσσετε
737 2317 823 2360 Reg.
841 2337 888 2345 -
912 2314 1024 2348 12-15
1042 2313 1147 2349 habet
1165 2318 1223 2359 R„
1250 2313 1435 2364 ὑφάσματα.

500 2364 532 2407 ἐξ
547 2365 724 2416 Ἠλέκτρας
732 2366 965 2416 ΕὐριπίδουΝ.
976 2371 1014 2403 Μ
1017 2395 1038 2412 .,
1049 2369 1087 2403 ἐκ
1096 2368 1283 2416 Μελεάγρου
1295 2368 1435 2418 Εὐριπί-

500 2420 566 2455 δου.
579 2421 635 2463 Θ.,
648 2420 844 2468 ἐκτεταμένα
866 2420 1051 2470 ὑφάσματα.
1073 2422 1111 2457 ἐκ
1126 2421 1314 2472 Μελεάγρου
1334 2422 1389 2457 καὶ
1406 2421 1437 2464 ἐξ

499 2473 675 2523 Ἠλέκτρας
710 2475 896 2524 Εὐριπίδου.
939 2478 1118 2511 Postrema
1146 2476 1249 2510 etiam
1282 2477 1318 2512 in
1355 2480 1435 2523 Reg.

498 2528 593 2564 Idem
611 2529 721 2565 codex
740 2542 749 2564 t
772 2531 815 2566 Oi
836 2529 894 2576 μὲν
915 2528 1061 2578 λέγουσιν
1083 2528 1132 2565 ὅτι
1153 2532 1294 2579 φυσικῶς
1313 2529 1380 2579 ἔχει
1400 2530 1437 2567 τὸ

499 2584 577 2623 ζῶον
594 2586 707 2628 τοῦτο,
724 2583 796 2627 ἤτοι
817 2586 834 2619 ὁ
852 2583 958 2633 δελφὶς
970 2610 980 2628 ,
1007 2585 1109 2633 φιλεῖν
1126 2583 1167 2619 τὰ
1187 2583 1269 2632 με’λη
1289 2584 1344 2619 καὶ
1365 2583 1437 2625 τοὺς

498 2635 612 2676 αὐλούς
623 2651 630 2658 ·
649 2639 677 2672 οἳ
701 2635 735 2672 δὲ
754 2636 900 2684 λέγουσιν
918 2636 968 2673 ὅτι
989 2638 1125 2682 πλησίον
1142 2641 1198 2674 τοῦ
1214 2637 1363 2685 μαντείου
1380 2642 1435 2675 τοῦ

497 2687 694 2729 ’Λπόλλωνος
715 2684 754 2734 ἦν
776 2690 874 2737 λίμνη
893 2705 957 2736 τις,
980 2692 1012 2727 ἐν
1027 2686 1049 2739 ᾗ
1063 2691 1203 2742 κατῴκει
1225 2692 1332 2742 δελφὶν
1350 2707 1434 2739 μαν-

496 2742 591 2782 τικός.
608 2744 840 2792 εἰσερχομένοις
857 2739 911 2781 οὗν
925 2744 990 2781 τισὶ
1000 2745 1082 2793 μετὰ
1098 2746 1172 2790 νηὸς
1182 2774 1191 2791 ,
1208 2748 1225 2781 ὃ
1235 2745 1342 2792 δελφὶν
1362 2746 1435 2795 περὶ

496 2795 555 2838 τὴν
568 2798 698 2845 πρῶραν
716 2797 903 2846 φαινόμενος
918 2798 1068 2846 μαντείας
1079 2799 1167 2847 ἔλεγε
1185 2799 1240 2835 καὶ
1258 2799 1433 2849 χρησμούς.

487 2849 551 2884 ’καὶ
568 2848 682 2885 τούτου
704 2849 867 2897 μέμνηται
883 2852 1029 2889 ἐνταῦθα.

551 2904 656 2945 1320,
683 2916 727 2950 ¹9
747 2903 785 2939 τὸ
801 2906 843 2939 R.
865 2907 905 2939 V.
927 2904 968 2940 τὰ
997 2908 1122 2950 ceteri,
1144 2908 1204 2955 qui
1239 2921 1284 2942 20
1301 2908 1432 2944 οἴνανθα

496 2955 593 3007 φέρει.
615 2957 707 2993 lbid.
731 2956 799 2993 ἔστι
821 2955 855 2992 δὲ
874 2960 896 3001 ἡ
917 2957 1030 3007 πρώτη
1059 2959 1187 3009 ἔκφυσις
1210 2963 1267 3004 τῆς
1288 2961 1434 3009 ἀμπέλου

495 3013 537 3046 R.
555 3032 607 3040 —
623 3023 668 3045 22
685 3012 721 3046 ἐκ
737 3012 920 3047 Φοινισσῶν
938 3012 1130 3061 Εὐριπίδου·
1149 3016 1169 3057 ἠ
1189 3014 1337 3059 Ἰοκάστη
1356 3016 1434 3065 φησὶ

492 3064 571 3114 πρὸς
585 3064 745 3101 Οἰδίποδα
757 3067 849 3113 Reg.

546 3120 650 3163 1323,
673 3120 716 3155 25
743 3119 777 3155 δὲ
801 3132 871 3155 0111.
898 3122 941 3157 R.
964 3119 1052 3160 ἐκτὸς
1079 3135 1193 3171 προστ.
1217 3122 1296 3158 ΛΜ.
1316 3144 1364 3151 —
1387 3137 1429 3168 27

493 3171 557 3207 ἀπὸ
575 3171 689 3222 μέρους
709 3186 778 3209 0111.
800 3177 886 3222 neg.

547 3228 650 3270 1328,
671 3228 714 3262 3ο
748 3228 784 3264 δὲ
806 3241 875 3264 0111.
899 3231 940 3265 V.
958 3249 1005 3255 —
1026 3232 1066 3265 31
1093 3228 1209 3279 ἄστρον
1220 3233 1259 3265 V.
1279 3233 1346 3267 Θ.;
1368 3232 1429 3267 sed

494 3278 605 3339 ἄντρον
624 3282 667 3316 Θ.
706 3282 739 3317 in
768 3283 892 3329 glossa.
921 3283 991 3327 Qui
1020 3285 1202 3331 sequentia
1234 3293 1267 3320 ct
1302 3286 1345 3320 35
1378 3298 1430 3333 sq.

491 3339 632 3369 umutut.

1197 394 1471 432 ADNOTATIO
1497 394 1546 431 IN
1571 395 1732 433 scuoL.

1547 477 1650 520 1331,
1678 476 1723 511 36
1745 474 1806 519 ἔπη
1829 474 1850 519 ἢ
1871 474 2193 526 ἔκ-Εὖριπίδου,
2228 473 2254 518 ἢ
2287 473 2356 511 ὕπὸ
2377 474 2451 526 Ἀρι-

1493 529 1667 579 στοφάνους
1685 528 1891 573 ἐπλάσθησαν
1911 528 1994 565 κατὰ
2016 528 2163 577 μίμησιν
2194 531 2262 565 τοῦ
2289 528 2378 565 κατὰ
2401 529 2448 573 τὴν

1492 581 1636 628 Ἐκάὸην
1653 583 1814 634 δράματος
1825 581 2015 633 Εὐριπίδου·
2032 584 2180 619 τοιαῦτα
2199 581 2274 631 γὰρ
2291 584 2316 626 ἡ
2336 581 2448 627 (Ειιίὸη

1493 637 1559 672 ἐκεῖ
1594 637 1755 688 διέρχεται
1784 636 1839 673 τὸν
1865 636 1939 686 περὶ
1960 640 2016 672 τοῦ
2042 636 2167 677 παιδὸς
2188 635 2328 686 ὄνειρον
2355 637 2448 674 ἰδοῦσα

1493 694 1578 739 Reg.
1603 695 1643 728 In
1671 705 1743 740 quo
1770 692 1929 740 sequitur
1953 691 2133 727 scholium
2157 693 2364 727 metricum
2386 692 2447 728 lon-

1493 757 1576 791 gum
1596 748 1829 794 quadragintq
1851 746 1941 781 κῶλα
1958 758 2069 793 usque
2092 746 2142 781 ad
2162 745 2326 796 φωράσω
2348 758 2447 794 perse

1493 811 1616 847 quens.
1637 825 1686 832 -.
1708 802 1751 845 37
1775 798 1815 837 τὰ
1836 800 1980 836 accessit
1999 812 2044 835 ex
2057 803 2104 836 V.
2127 799 2170 835 τὸ
2197 802 2250 836 R.
2278 821 2331 828 —
2353 800 2396 847 39
2413 801 2439 835 αἶ

1494 867 1593 904 ρομαι
1613 856 1657 890 G.
1671 855 1714 890 Θ.
1732 852 1841 905 αἴρομ]
1861 854 1939 891 Ald.
1956 851 2030 903 αίρο
2046 857 2093 891 V.
2117 873 2166 882 -
2189 859 2246 896 4ο
2260 852 2352 890 οὕτω
2365 854 2446 890 addi-

1495 916 1568 943 tum
1590 920 1636 944 ex
1655 909 1699 945 Θ.

1548 963 1652 1007 1338,
1675 963 1716 998 51
1736 963 1929 1010 Τημενιδῶν
1947 960 2140 997 Dobraeus.
2165 960 2387 1008 Legebantur
2401 962 2445 997 Εὐ-

1494 1015 1640 1063 μενίδων.
2369 1057 2372 1059 .

1546 1071 1650 1115 1340,
1679 1072 1723 1107 53
1750 1069 1990 1119 Ἀπονίψωμαι·
2020 1069 2104 1120 ὅπερ
2132 1068 2284 1104 εἰώθασι
2311 1074 2407 1104 ποιεῖν
2422 1071 2443 1104 ἐι

1492 1130 1557 1166 τοῖς
1583 1125 1725 1175 ὀνείροις,
1761 1128 1854 1161 τοῦτο
1875 1123 1908 1161 δὲ
1930 1125 2009 1162 Ald.
2031 1123 2350 1172 καὶ-Αἰσχύλος
2383 1133 2444 1171 post

1492 1179 1557 1213 τῶν
1582 1179 1712 1229 ὀνείρων
1741 1180 1763 1214 l.
1784 1192 1798 1214 1
1826 1179 1926 1226 ponit
1944 1183 1986 1216 R.
2008 1198 2057 1207 ——
2076 1178 2126 1219 54
2150 1176 2192 1213 δὲ
2215 1190 2297 1213 om.
2316 1180 2360 1214 R.
2381 1180 2444 1213 Hac

1492 1232 1528 1266 in
1550 1232 1630 1270 Ald.
1654 1233 1717 1275 sic,
1733 1232 1810 1282 παρ’
1828 1226 1863 1268 οὗ
1886 1233 1964 1279 (hoc
1980 1234 2092 1269 etiam
2113 1230 2181 1279 Θ.)
2199 1232 2445 1278 ἀποδιοπομπεῖ-

1493 1288 1566 1322 σθαι
1586 1285 1701 1322 eleseu.
1723 1308 1771 1315 —
1792 1299 1812 1322 2
1834 1286 2036 1337 ἀξυνάρτητα
2054 1289 2101 1322 V.
2130 1288 2232 1322 Post
2254 1292 2342 1322 πᾶσι
2360 1289 2399 1322 R.
2412 1286 2444 1322 θ.

1492 1340 1625 1377 habent
1643 1341 1699 1377 ἅτε
1735 1341 1773 1386 δὴ
1808 1341 1976 1383 Γλύκωνός
1993 1355 2083 1383 τινος
2103 1340 2277 1390 γυναικὸς
2302 1341 2442 1390 (γυναικός

1491 1409 1576 1436 τινος
1587 1395 1728 1443 γείτονος
1740 1396 1800 1444 Θ.)
1816 1395 1899 1433 οὕτω
1917 1395 2140 1445 καλουμένης.

1546 1450 1651 1497 1344,
1671 1463 1689 1495 7
1714 1450 1879 1499 Αἰσχύλου
1907 1454 1950 1487 R.
1984 1454 2027 1486 V.
2051 1450 2252 1500 Εὐριπίδου
2276 1451 2394 1486 ceteri.
2410 1453 2439 1485 R.

1493 1502 1602 1539 habet
1638 1504 1788 1550 glossam
1809 1504 1879 1540 ἀντὶ
1909 1507 1966 1541 τοῦ
1987 1503 2120 1547 ἑωθινή.
2138 1524 2196 1532 —
2217 1517 2245 1551 9
2280 1504 2441 1552 legebatur

1493 1557 1677 1595 διαθέντων.
1713 1558 1866 1595 διαθέτων
1898 1560 1941 1596 Θ.
1968 1557 2210 1595 διασωθέντων
2248 1558 2439 1608 αὖτογράριπ

1492 1612 1677 1649 Dobraeus.
1695 1616 1779 1649 Post
1799 1612 1970 1650 διαθέντων
1997 1611 2197 1660 legebatur
2219 1612 2360 1662 Νύμφαι
2382 1614 2437 1661 ὀρε-

1493 1665 1631 1714 σιγόνιαι
1646 1665 1848 1716 (ὀρεσιγόνιοι
1862 1666 1934 1715 V.),
1958 1679 2038 1714 quae
2056 1666 2180 1702 delevi
2207 1667 2340 1714 positis
2359 1667 2438 1701 lacu·

1493 1732 1546 1754 nae
1564 1720 1685 1768 signis,
1718 1719 1839 1755 addidi
1854 1727 1972 1755 autem
1997 1718 2169 1769 Νύμφαις.
2188 1723 2287 1756 Nam
2303 1720 2437 1765 AEscbyli

1493 1773 1601 1809 verba
1620 1775 1776 1818 suerunt,
1791 1773 1945 1824 Νύμφαις
1961 1772 2136 1824 κρηναίαις
2157 1773 2322 1824 κυδραῖσι
2337 1776 2438 1809 θεαῖσιν

1491 1827 1671 1878 ἀγείρω-“,
1687 1828 1731 1864 de
1760 1840 1831 1875 quo
1852 1836 1990 1864 constat
2023 1840 2070 1864 ex
2099 1828 2287 1875 Diogenis
2309 1827 2438 1876 epistola

1492 1881 1527 1916 in
1550 1884 1683 1917 Notices
1697 1891 1733 1917 ee
1742 1885 1896 1917 Extraies
1910 1883 1970 1917 des
1983 1882 2092 1917 MSS.
2111 1881 2191 1918 vol.
2212 1881 2249 1927 5,
2264 1894 2301 1927 a,
2319 1894 2353 1930 p.
2366 1887 2437 1922 2⁴1:

1494 1932 1607 1976 οἵτινες
1634 1935 1678 1984 (οἱ
1695 1935 1853 1985 τραγικοὶ)
1878 1934 1986 1985 Ἥραν
2002 1950 2037 1972 τε
2058 1934 2119 1979 τὴν
2153 1934 2238 1977 Διὸς
2263 1939 2437 1985 παράκοιτιν

1491 1986 1614 2038 ἔφασαν
1641 1991 1685 2031 εἰς
1710 1989 1828 2039 ἱέρειαν
1857 1992 2174 2039 μεταμορφωθεῖσαν
2206 1994 2353 2026 τοιοῦτον
2383 1989 2437 2037 βίου

1493 2045 1612 2091 σχῆμα
1639 2044 1824 2089 ἄναλαόεῖν,
1851 2043 1989 2094 νύμφαις
2016 2044 2199 2094 κρήναυσιν
2232 2044 2436 2096 (κρηναίαισιν

1492 2098 1755 2146 Boissonadius)
1792 2099 1921 2149 κυδραῑς
1957 2101 2042 2140 θεαῖς
2079 2099 2287 2149 (ἐγείρουσαν
2330 2099 2438 2148 Ἰνάχω

1493 2150 1647 2200 Ἀργείαις
1667 2156 1817 2201 ποταμοῦ
1843 2152 1955 2189 παισὶν
1985 2151 2172 2203 βιοδώροις.
2191 2155 2338 2191 Deinde
2357 2155 2436 2201 lege-

1493 2205 1601 2241 batur
1622 2207 1763 2257 Ἀργείου
1786 2206 1849 2242 ὑπὸ
1870 2211 2031 2255 ποταμοῦ.
2055 2208 2281 2245 correctum
2305 2222 2349 2245 ex
2373 2209 2435 2245 Pla-

1494 2267 1575 2294 tone
1609 2263 1662 2296 De
1691 2262 1830 2310 republ.
1853 2274 1886 2305 2,
1907 2274 1943 2308 p.
1969 2262 2052 2305 381,
2075 2263 2121 2304 D,
2147 2263 2216 2310 qui
2245 2263 2320 2299 hoc
2353 2274 2437 2299 versu

1493 2315 1606 2349 utitur
1625 2316 1781 2362 AEschyli
1811 2328 1882 2351 non
1914 2315 2100 2358 nominati,
2132 2324 2174 2351 et
2203 2330 2251 2353 ex
2283 2318 2436 2365 Diogene.

1492 2368 1652 2416 Respicit
1673 2368 1718 2403 ad
1740 2369 1811 2403 haec
1843 2367 1950 2404 verba
1978 2369 2179 2405 Pausanias
2201 2383 2355 2419 quoque
2370 2372 2399 2415 8,
2410 2371 2437 2414 6,

1492 2423 1526 2457 6.
1551 2424 1604 2457 De
1626 2434 1699 2469 quo
1720 2423 1803 2458 vide
1829 2435 1907 2469 quae
1934 2423 1979 2458 ad
2012 2423 2181 2470 AEschyli
2221 2425 2353 2473 fragm.
2385 2426 2438 2471 159

1491 2475 1577 2510 dixi.
1599 2479 1710 2514 Dum.
1728 2498 1777 2504 —
1796 2489 1838 2512 xo
1857 2476 1950 2512 παισὶ
1973 2475 2068 2511 libri.
2086 2495 2140 2504 —
2164 2491 2177 2513 1
2193 2491 2207 2513 ι
2231 2478 2345 2521 ἄλλως
2363 2494 2396 2517 τι
2411 2477 2437 2514 δὲ

1453 2528 1457 2532 ’
1490 2528 1572 2574 οὐδὲ,
1595 2542 1636 2564 12
1661 2530 1814 2580 Αἰσχύλῳ
1829 2531 1874 2567 Θ.
1890 2533 1991 2565 ταῦτα
2012 2528 2141 2578 ἥρμοζε
2161 2533 2244 2569 Ald.
2264 2536 2371 2570 ταῦτα
2388 2533 2438 2583 ἥρ-

1491 2585 1568 2630 μοζε
1596 2584 1637 2619 τὰ
1654 2587 1787 2621 τοιαῦτα
1805 2586 1849 2622 Θ.
1875 2585 1944 2627 Qui
1974 2585 2168 2632 sequeutia
2191 2589 2360 2634 omittit,
2390 2588 2437 2624 sed

1490 2638 1589 2674 addit
1609 2638 1759 2685 glossam
1771 2667 1782 2687 ,
1807 2641 1839 2674 αἱ
1852 2640 1884 2674 ἐν
1900 2641 1946 2689 τῷ
1961 2638 2029 2689 ὄρει
2047 2638 2230 2687 γινόμεναι
2250 2642 2438 2694 ἇμαδρνόδες

1491 2690 1699 2741 (ἂμαδρύιδες
1715 2694 1817 2741 Reg.)
1833 2692 2027 2741 βοηθήσατε.
2044 2690 2117 2728 ἔστι
2141 2692 2180 2729 δὲ
2212 2695 2252 2731 ἐκ
2285 2697 2438 2746 Ξαντρίων

1490 2746 1677 2796 Εὐριπίδου.

1544 2801 1634 2835 1353
1665 2813 1734 2839 om.
1758 2804 1801 2838 G.
1822 2799 1863 2837 τὰ
1890 2799 1973 2836 αὐτά
1997 2804 2039 2837 R.
2064 2803 2179 2838 ταῦτα
2195 2807 2242 2841 V.
2267 2806 2315 2841 Θ.
2345 2809 2393 2841 Μ.
2409 2806 2440 2840 τὶ

1489 2858 1625 2890 τοιαῦτα
1646 2856 1736 2899 Ald„
1769 2867 1848 2902 quae
1870 2855 1902 2889 in
1927 2854 1997 2890 fine
2013 2854 2115 2890 addit
2138 2857 2354 2895 ἄνεπὲπτατ’
2378 2860 2440 2895 ἆνε-
2460 2859 2467 2868 ’

1489 2908 1636 2944 πέπτατο
1650 2909 1705 2944 καὶ
1723 2907 1763 2944 τὰ
1776 2907 1886 2944 λοιπά.

1545 2963 1647 3006 1356,
1670 2963 1713 2997 23
1734 2963 1798 2997 τῶν
1819 2963 1956 3011 Κρητῶν
1978 2965 2024 2997 Μ.
2044 2963 2115 3008 Qui
2135 2977 2229 3002 cum
2244 2967 2292 3004 Θ.
2311 2980 2441 3015 sequen-

1491 3017 1539 3052 tia
1560 3016 1703 3051 omittit.
1725 3036 1771 3043 —-
1797 3021 1840 3057 24
1861 3016 1987 3064 respici
2013 3015 2170 3054 videtur
2193 3021 2242 3056 ad
2278 3022 2441 3070 Lycophr.

1490 3072 1591 3107 Alex.
1614 3083 1648 3106 v.
1677 3082 1778 3117 1297.
1794 3089 1842 3097 —-
1858 3070 1902 3105 25
1925 3068 2034 3113 ἐπειδὴ
2068 3072 2115 3116 ἐν,
2136 3074 2189 3109 28
2213 3075 2274 3111 καὶ
2304 3075 2343 3112 τὸ
2368 3079 2442 3122 Reg.

1491 3146 1536 3152 —-
1553 3126 1598 3159 26
1627 3122 1840 3173 Βριτόμαρτις
1873 3124 2052 3159 Meursius
2081 3126 2117 3160 in
2155 3127 2261 3164 libro
2286 3130 2334 3166 de
2355 3133 2443 3166 Creta

1492 3185 1524 3223 4,
1549 3179 1581 3213 3.
1606 3176 1825 3226 Βρετιμάρτυς
1842 3177 1921 3213 ΔΜ.
1946 3175 2043 3226 βρετὴ
2062 3178 2201 3228 μάρτυς
2224 3185 2319 3231 Reg.

1543 3233 1646 3275 2367,
1667 3236 1712 3273 42
1734 3231 1830 3272 Τινές
1847 3245 1925 3281 φασι
1945 3230 1981 3267 τὸ
2002 3231 2151 3269 ἐνταῦθα
2174 3233 2235 3272 τὸν
2254 3238 2302 3274 Θ.
2322 3239 2444 3274 emm:

1490 3288 1593 3322 etiam
1604 3290 1647 3322 R.
1665 3285 1773 3321 ἐνθάδε
1788 3289 1832 3323 V.
1849 3286 1981 3324 Ald.-..
1993 3286 2038 3327 43
2050 3286 2109 3323 τὸν
2126 3287 2167 3325 δὲ
2184 3292 2295 3341 Αἷσχ.
2316 3296 2357 3329 V.
2368 3302 2403 3329 το
2417 3291 2442 3327 δὲ

1471 3339 1531 3383 ,ἐξ
1557 3341 1599 3377 Θ.
1619 3338 1654 3376 δὲ
1672 3352 1741 3376 oni.
1765 3342 1808 3374 R.
