2931 4012
543 432 590 464 60
1232 419 1461 458 SCHOLIA
1494 419 1551 456 IN
1584 418 1829 464 EQUITES.

544 514 654 556 ἐλαίας
669 514 762 564 ἐρίοις
770 513 1074 563 περιπεπλεγμένοις
1086 511 1324 559 ἀναδεδεμένος.
1336 510 1506 559 ἐξήρτηντο

546 568 579 606 δὲ
604 570 700 605 αὐτοῦ
724 571 829 617 ὡραῖα
851 567 958 603 πάντα
979 567 1150 616 ἀκρόδρυα.
1181 565 1242 614 πρὸ
1269 565 1302 601 δὲ
1323 568 1386 601 τῶν
1407 566 1509 614 θυρῶν

546 626 671 660 ἱστᾶσιν
694 622 793 666 αὐτὴν
809 621 905 657 εἰσέτι
928 621 984 656 καὶ
1006 625 1072 657 νῦν.
1099 624 1224 656 ποιοῦσι
1251 619 1284 656 δὲ
1306 623 1400 655 τοῦτο
1425 616 1509 655 κατὰ

546 676 685 714 παλαιόν
715 692 747 712 τι
778 675 986 726 χρηστήριον.
1016 677 1044 712 οἱ
1074 674 1132 723 μὲν
1158 674 1221 723 γάρ
1250 689 1347 725 φασιν
1381 673 1430 710 ὅτι
1459 674 1510 708 λι-

515 745 530 767 ιι
548 736 630 780 μοῢ,
647 733 675 767 οἱ
694 730 744 775 δὲ,
759 728 808 765 ὅτι
825 729 881 765 καὶ
892 731 1005 776 λοιμοῦ
1021 728 1079 773 τὴν
1091 734 1200 764 πᾶσαν
1224 726 1443 777 κατασχόντος
1460 728 1510 762 οἷ·-

547 784 716 833 κουμένην,
735 783 911 833 χρωμένων
931 783 1001 819 τίνα
1018 783 1057 819 διν
1076 782 1193 831 τρόπον
1207 783 1371 818 παύσαιτο
1387 782 1424 817 τὸ
1442 782 1510 817 δει-

547 840 612 883 νὸν,
641 838 700 883 τὴν
727 837 818 874 λύσιν
854 837 976 882 ταύτην
1010 840 1027 874 ὃ
1060 837 1178 878 Πύθιος
1209 836 1445 884 ἐμαντεύσατο,
1483 837 1510 871 εἰ

489 902 492 905 ’
547 910 574 931 π
634 893 738 944 ρόσιον
750 891 830 941 ὑπὲρ
847 891 1001 928 ἁπάντων
1018 892 1176 936 Ἀθηναῖοι
1192 890 1330 927 θύσειαν·
1347 889 1510 926 θυσάντων

548 963 602 986 ουν
635 950 699 983 τῶν
727 945 900 991 Ἀθηναίων
925 945 962 982 τὸ
991 945 1091 983 δεινὸν
1118 944 1295 983 ἐπαύσατο.
1327 944 1382 980 καὶ
1412 942 1513 985 οὕτως

502 1014 532 1038 ιο
547 1002 657 1053 ὥσπερ
682 1000 893 1052 χαριστήριον
915 1002 945 1036 οἱ
964 999 1166 1049 πανταχόθεν
1178 1000 1244 1041 τοῖς
1258 997 1431 1043 Ἀθηναίοις
1445 997 1511 1040 ἐξέ-

547 1070 676 1105 πεμπον
693 1057 757 1091 τῶν
773 1057 907 1104 καρπῶν
923 1054 1074 1091 ἁπάντων
1087 1053 1144 1095 τὰς
1159 1053 1320 1104 ἀπαρχάς.
1334 1053 1385 1090 ὅτε
1402 1053 1440 1097 δὴ
1455 1051 1512 1088 καὶ

548 1110 682 1161 Ἀὅαρίν
698 1124 777 1160 φασι
798 1109 852 1145 τὸν
867 1109 1095 1159 εΥπερὸόρειον
1111 1108 1240 1145 ἐλθόντα
1256 1108 1372 1158 θεωρὸν
1393 1109 1437 1148 εἰς
1453 1106 1511 1151 τὴν

549 1164 710 1208 Ἑλλάδα,
736 1163 914 1200 Ἀπόλλωνι
940 1167 1109 1208 θητεῦσαι,
1137 1162 1192 1199 καὶ
1217 1162 1301 1199 οὕτω
1327 1160 1513 1211 συγγράψαι

548 1219 621 1260 τοὺς
641 1218 808 1268 χρησμοὺς
821 1216 894 1258 τοὺς
914 1221 970 1252 νῦν
989 1216 1322 1266 προσαγορευομένους
1336 1215 1511 1266 Ἀοάριδος.

504 1283 533 1306 16
550 1272 620 1309 ὅθεν
643 1272 741 1309 εἰσέτι
759 1271 815 1308 καὶ
832 1274 904 1316 νῦν,
922 1271 1051 1307 ἐπειδὰν
1073 1272 1225 1307 ἀνιστῶσι
1247 1270 1301 1306 τὸν
1317 1269 1446 1313 κλάδον,
1460 1267 1516 1305 λε’-

548 1341 640 1375 γουσι
654 1330 769 1370 ταῦτα,

680 1396 829 1435 εἰρεσιώνη
842 1398 919 1426 σῦκα
932 1395 1008 1434 φέρει
1020 1395 1069 1424 καὶ
1082 1394 1184 1428 πίονας
1197 1395 1298 1434 ἄρτους

570 1418 603 1509 υ
680 1439 730 1468 καὶ
746 1439 807 1476 μέλι
823 1438 852 1467 ἐν
866 1437 971 1475 κοτύλῃ
985 1438 1033 1467 καὶ
1049 1438 1142 1467 ἔλαιον
1155 1437 1359 1475 ἀναψήσασθαι
1371 1459 1379 1473 ,

675 1483 724 1512 καὶ
739 1482 831 1511 κύλικ’
844 1481 978 1520 εὔζωρον,
995 1483 1034 1514 ὡς
1046 1481 1081 1510 ἂν
1094 1480 1240 1519 μεθύουσα
1251 1481 1386 1519 καθεύδῃ.

500 1556 534 1580 20
549 1537 683 1581 Ἄλλως.
706 1539 900 1590 Πυανεψίοις
916 1539 972 1575 καὶ
986 1539 1184 1589 θαργηλίοις
1198 1538 1302 1589 Ἡλίῳ
1324 1540 1379 1575 καὶ
1396 1538 1516 1589 (Ώραις

553 1594 754 1645 ἑορτάζουσιν
781 1593 951 1637 Ἀθηναῖοι.
982 1592 1113 1640 φέρουσι
1127 1592 1161 1629 δὲ
1191 1595 1220 1629 οἱ
1245 1594 1358 1634 παῖδες
1382 1592 1456 1634 τούς
1479 1607 1515 1628 τε

554 1648 690 1691 θαλλοὺς
701 1649 796 1698 ἐρίοις
807 1647 1079 1697 περιειλημένους,
1092 1647 1161 1684 ὅθεν
1173 1649 1352 1697 εἷρεσιῶναι
1363 1647 1512 1695 λέγονται

550 1702 606 1739 καὶ
628 1703 756 1744 τούτους
782 1702 845 1750 πρὸ
870 1704 933 1738 τῶν
948 1704 1051 1751 θυρῶν
1079 1704 1256 1752 κρεμῶσιν.
1281 1701 1454 1751 ἐξήρτηντο
1483 1700 1517 1736 δὲ

549 1760 612 1794 τῶν
628 1759 752 1793 θαλλῶν
765 1759 798 1793 αἱ
811 1751 904 1806 ὧραι.
916 1756 967 1805 [τὸ
980 1756 1013 1792 δὲ
1024 1755 1292 1807 κατεσπαράξατε
1305 1750 1393 1792 εἶπεν
1406 1754 1516 1800 ἐπειδὴ

502 1826 534 1850 25
552 1811 711 1854 ἀλλήλους
725 1810 853 1859 ὤθουν.]

601 1878 661 1903 733.
687 1864 727 1902 σὺ
745 1866 772 1901 δ’
789 1858 819 1900 εἶ
830 1863 877 1905 τίς
893 1877 902 1902 :
922 1866 979 1913 Τῷ
997 1863 1231 1913 ἀλλαντοπώλῃ
1253 1863 1351 1913 λέγει.
1403 1871 1406 1875 ’

601 1932 662 1957 7³⁰.
690 1918 761 1955 ἀλλ’
794 1920 852 1967 οὗ]
880 1912 941 1954 οἶοί
969 1918 998 1954 τ’
1024 1918 1121 1965 ἐσμὲν
1140 1931 1150 1955 ε
1180 1917 1265 1955 Ἀλλ’
1293 1919 1330 1954 οὖ
1357 1917 1518 1965 δυνάμεθα

552 1973 719 2023 προσιέναι
736 1973 802 2009 οὐδ’
820 1959 856 2008 εύ
874 1975 988 2017 ποιεῖν,
1012 1972 1209 2021 κωλυόμενοι
1221 2000 1232 2020 ,
1248 1972 1360 2023 φησὶν,
1377 1972 1440 2009 ὑπὸ
1461 1975 1518 2008 τοῦ

554 2027 712 2069 Κλέωνος.

504 2103 538 2127 ιω
565 2084 580 2096 ”
601 2095 662 2120 739.
687 2081 936 2131 λυχνοπώλῃσιν
954 2093 963 2119 :
980 2082 1030 2118 Δι’
1047 2080 1259 2132 Ὗπέρὸολον.
1274 2080 1330 2118 καὶ
1345 2081 1441 2122 αὐτὸς
1454 2079 1518 2131 γὰρ

552 2136 744 2183 δημαγωγὸς
768 2129 808 2179 ἧν
832 2135 1020 2184 λυχνοποιὸς
1047 2134 1106 2172 ὧν.
1130 2135 1355 2186 νευρορράφοις
1380 2134 1415 2171 δέ
1440 2149 1520 2185 φησι

552 2188 606 2224 διὰ
626 2188 680 2224 τὸν
701 2186 959 2238 προὸατοπώλην
974 2188 1150 2225 Λυσικλέα.

601 2254 660 2279 w).
687 2241 743 2277 καὶ
757 2240 965 2289 σκυτοτόμοις
981 2255 990 2279 :
1009 2241 1136 2280 Κλέωνι
1152 2241 1210 2278 καὶ
1223 2244 1392 2280 Λυσικλεῖ.
1409 2243 1519 2279 ὀνειδί-

553 2298 599 2338 ζει
623 2295 656 2332 δὲ
681 2295 779 2331 πάλιν
798 2295 941 2341 Κλέωνι,
964 2295 1018 2347 ἀφ’
1041 2294 1110 2337 οἵας
1130 2295 1245 2346 τέχνης
1262 2296 1333 2345 ἄγει
1355 2296 1411 2333 καὶ
1431 2296 1519 2348 φέρει

505 2371 538 2395 ³5
552 2348 612 2395 τὴν
625 2349 732 2386 πόλιν.

604 2403 698 2446 δίδως
715 2416 724 2441 t
743 2404 922 2453 Παρέχεις,
938 2403 959 2448 ἢ
985 2403 1145 2446 πιστεύεις
1160 2404 1306 2442 σεαυτόν.

603 2471 665 2496 7⁴2.
694 2456 888 2508 ὑποδραμὼν
906 2460 970 2494 τῶν
988 2460 1024 2494 ἐκ
1043 2458 1154 2495 Πύλου
1171 2473 1179 2496 :
1202 2460 1431 2509 Καταδραμὼν
1447 2459 1520 2502 τοὺς

555 2515 588 2550 ἐν
608 2513 711 2565 Πύλῳ
734 2513 943 2564 στρατηγούς.
961 2513 1030 2561 ἅμα
1046 2514 1079 2550 δὲ
1103 2513 1151 2551 ὅτι
1164 2514 1219 2551 καὶ
1240 2517 1380 2565 συνεχῶς
1395 2516 1520 2564 μέμνη-

554 2583 608 2603 ται
624 2571 680 2604 τοῦ
694 2569 727 2604 ἐν
740 2568 840 2619 Πύλῳ
858 2568 1117 2619 κατορθώματος.
1169 2568 1307 2611 Ἄλλως.
1327 2572 1345 2606 ὑ
1371 2571 1521 2621 αρπάσας

507 2640 540 2664 ⁴0
555 2621 609 2657 διὰ
626 2621 686 2665 τὴν
700 2621 791 2666 νίκην
807 2621 866 2666 τὴν
885 2623 918 2657 ἐν
944 2623 1055 2673 Πύλῳ.
1077 2624 1110 2658 ἐν
1126 2624 1273 2673 σχήματι
1287 2623 1320 2660 δὲ
1333 2638 1348 2660 ε
1362 2639 1433 2669 πεν,
1449 2626 1520 2662 ἀντὶ

555 2678 612 2712 τοῦ
631 2675 840 2724 στρατηγούς.
861 2698 907 2703 -
922 2676 1137 2726 ὑπεκδραμὼν
1154 2690 1162 2714 :
1183 2678 1276 2714 Πάνυ
1294 2678 1438 2728 δραμῴν.
1461 2688 1495 2717 G.

605 2741 667 2767 74⁴.
695 2730 751 2764 ἀπ’
770 2730 980 2780 ἐργαστηρίου
999 2743 1008 2767 :
1024 2729 1098 2767 Ἵνα
1113 2731 1195 2779 μηδὲ
1208 2734 1241 2768 ἐν
1255 2731 1376 2774 τούτοις
1390 2734 1520 2771 ἀπολεί-

556 2786 674 2819 πεσθαι
694 2784 772 2832 δοκῇ
789 2786 845 2819 τοῦ
865 2783 1011 2825 Κλέωνος
1027 2787 1044 2821 ὁ
1062 2785 1334 2833 ἀλλαντοπώλης,
1353 2786 1440 2830 ἔδοξέ
1452 2803 1521 2832 πως

557 2836 666 2885 ὅμοιον
689 2836 891 2886 ἐξευρηκέναι
906 2843 1046 2888 πρᾶγμα
1068 2839 1132 2880 τοῖς
1146 2839 1257 2889 ἐκείνῳ
1273 2841 1523 2890 πεπραγμένοις.

508 2913 540 2937 4³
557 2893 593 2928 οὗ
612 2889 675 2941 γὰρ
691 2892 708 2926 ὃ
737 2889 861 2936 Κλέων,
888 2891 983 2941 φησὶ,
1010 2891 1103 2939 μόνος
1126 2892 1298 2942 ἀλλοτρίαν
1316 2893 1406 2939 νίκην
1429 2895 1522 2944 μόνος

558 2945 761 2996 ὑφήρπασεν,
783 2944 868 2981 ἀλλὰ
891 2945 946 2982 καὶ
963 2941 1057 2987 οὗτος
1074 2948 1110 2983 ἐκ
1136 2950 1194 2991 τῆς
1217 2947 1341 2990 πόλεως
1368 2949 1468 2997 μέσης
1486 2951 1522 2987 ἔκ

557 3014 641 3040 τινος
660 2999 870 3051 ἐργαστηρίου
881 3028 891 3045 ,
904 2999 999 3051 φησὶ,
1013 2999 1137 3050 χύτραν
1149 3000 1334 3051 ὑφειλόμην,
1350 3003 1448 3040 ἄλλου
1462 3020 1523 3041 κα-

558 3052 815 3095 τασκευάσαντος
830 3056 935 3105 ἑαυτῷ
947 3054 1080 3105 τροφὴν,
1096 3057 1139 3097 ὡς
1149 3057 1296 3097 κάκεῖνος
1306 3056 1344 3093 τὸ
1356 3058 1522 3110 ἀλλότριον

557 3107 751 3158 κατόρθωμα
765 3107 843 3144 ἴδιον
862 3108 1047 3152 ὅποιήσατο.

511 3192 543 3216 ω
607 3174 665 3199 748.
694 3161 853 3212 διάκρινον
877 3175 886 3200 :
918 3160 1094 3213 Σύγκρινον
1113 3162 1135 3208 ἢ
1158 3163 1366 3207 ἂντεξέτασον
1391 3165 1524 3218 πότερός

560 3229 610 3252 σοι
623 3217 744 3264 μᾶλλον
764 3215 881 3258 εὔνους.

608 3282 668 3308 749.
697 3270 742 3318 μὴ
766 3270 792 3305 ’ν
809 3274 850 3320 τῇ
869 3271 966 3308 πνυκί
981 3284 990 3308 :
1016 3271 1073 3314 Ὡς
1093 3271 1132 3308 ἂν
1149 3273 1182 3308 ἐν
1203 3274 1244 3322 τῇ
1262 3272 1383 3309 συνόδω
1403 3274 1523 3319 ἀνόητα
1547 3274 1550 3299 ⁶
1578 3278 1647 3326 [καὶ
1676 3277 1718 3314 τὰ

1360 3310 1380 3330 Δ.

1611 521 1669 546 751.
1696 509 1767 545 ἀλλ’
1795 510 1838 550 εἰς
1865 509 1902 545 τὸ
1931 509 2044 559 πρόσθ’
2062 510 2161 559 ἐχρῆν
2177 515 2357 560 παρεῖναιε
2382 512 2438 552 Εἰς
2462 510 2512 556 τὴν

1564 561 1673 612 αὔριον
1691 562 1756 612 χρὴ
1776 564 1926 612 παρεῖναι
1950 562 2096 604 ἅπαντας
2109 562 2165 599 καὶ
2180 565 2354 601 συνελθεῖν.
2376 563 2515 614 [γέροντα

1564 615 1597 652 δὲ
1616 616 1714 652 πάλιν
1732 611 1820 652 εἶπεν
1848 616 1897 653 ὅτι
1926 618 2058 666 ἆρχαῖος
2077 620 2094 653 ὁ
2124 619 2187 653 τῶν
2208 617 2385 662 Ἀθηναίων
2412 619 2514 666 δῆμος.

1564 670 1748 712 δεξιώτατος
1759 670 1812 715 δὲ,
1829 670 2143 722 φιλανθρωπότατος,
2160 672 2435 721 προσηνέστατος,
2450 674 2518 721 ἀγα·

1564 724 1624 766 θός.
1647 728 1705 769 τῆς
1728 725 1847 775 πέτρας
1871 724 1925 773 δὲ,
1955 728 2013 769 τῆς
2041 725 2167 767 πνυκός.
2196 725 2303 776 ὀρεινὴ
2324 726 2390 778 γὰρ
2408 722 2458 773 ἦν,
2482 729 2543 769 &es

1565 777 1691 826 ἔοικεν]
2348 789 2351 792 ’

1613 845 1673 869 7⁵5.
1701 832 1881 880 ἐμποδίζων
1903 832 2039 882 ἰσχάδας
2061 846 2069 871 :
2094 835 2199 872 Σῧκα.
2218 834 2341 885 ὥσπερ,
2365 835 2473 885 φησὶν,
2493 838 2519 872 οἱ

1565 884 1622 926 τὰς
1636 886 1772 935 ἰσχάδας
1784 886 1940 929 ἐσθίοντες
1956 888 2198 932 ἀνεμποδίστως
2212 889 2268 924 καὶ
2284 889 2417 939 λάὸρως
2431 889 2520 932 αὐτὰς

1566 939 1723 987 ἐσθίουσι,
1740 940 1795 977 τὸν
1814 940 1909 977 αὐτὸν
1923 941 2041 992 τρόπον
2056 942 2112 979 καὶ
2125 946 2142 978 ὁ
2160 943 2276 991 δῆμος,
2297 942 2429 980 ἐπειδὰν
2443 945 2475 980 ἐν
2485 947 2521 994 τῇ

1565 994 1662 1031 πνυκὶ
1679 997 1849 1044 καθεσθῇ,
1860 996 2048 1046 κατακρίνει
2065 996 2121 1033 καὶ
2135 996 2278 1045 δημεύει.
2297 998 2354 1034 καὶ
2371 997 2481 1048 ὥσπερ
2495 1002 2521 1035 οἱ
2538 1012 2562 1035 ιο

1565 1047 1623 1090 τὰς
1641 1049 1778 1098 ἰσχάδας
1796 1050 1952 1091 ἐσθίοντες
1969 1052 2028 1087 οὐκ
2048 1050 2086 1087 ἂν
2103 1053 2270 1099 μεταδοῖεν
2290 1053 2432 1102 εὐχερῶς
2450 1067 2522 1096 τινι,

1567 1101 1667 1144 οὕτως
1685 1103 1756 1139 οὐδὲ
1775 1107 1792 1140 ὁ
1811 1104 1912 1151 δῆμος
1933 1105 2036 1141 ἐκεῖσε
2052 1105 2188 1147 δικάζων
2209 1107 2267 1142 οὐκ
2288 1105 2327 1142 ἂν
2345 1108 2524 1157 φιλανθρω-
2556 1128 2561 1134 ·

1566 1156 1721 1194 πεύσαιτο
1748 1157 1874 1208 ῥαδίως.
1924 1157 2058 1200 Ἄλλως.
2086 1158 2196 1203 ἐπειδὴ
2223 1159 2314 1196 εἴωθε
2342 1160 2387 1196 τὰ
2415 1161 2524 1197 παιδία

1567 1211 1722 1254 παίζοντα
1739 1212 1932 1249 άναὸάλλειν
1956 1212 2014 1255 τὰς
2027 1213 2183 1262 ἰσχάδας,
2203 1213 2259 1251 καὶ
2274 1215 2306 1251 ἐν
2324 1217 2372 1264 τῷ
2393 1214 2526 1263 στόματι

1568 1266 1674 1302 αὐτῶν
1702 1265 1863 1315 δέχεσθαι.
1896 1266 2103 1318 Ἀρίσταρχος
2132 1267 2166 1304 δὲ
2194 1267 2231 1304 τὸ
2252 1268 2435 1317 ἐμποδίζων
2460 1270 2529 1306 ἀντὶ
2545 1281 2568 1304 ¹⁵

1567 1323 1623 1356 τοῦ
1651 1320 1859 1369 μασώμενος,
1885 1320 1907 1365 ἢ
1938 1322 2183 1372 ἐμφορούμενος.
2211 1322 2289 1359 ἔνιοι
2308 1322 2360 1367 δὲ,
2384 1322 2449 1360 ἀπὸ
2474 1329 2528 1361 τοῦ

1491 1382 1503 1393 ·
1567 1374 1622 1410 τὸν
1640 1378 1723 1411 σῦκα
1750 1375 1961 1423 λαμὸάνοντα
1983 1376 2129 1425 χάσκειν.
2149 1379 2178 1413 οἱ
2204 1376 2256 1422 δὲ,
2283 1377 2418 1414 παιδιάν
2446 1393 2528 1416 τινα.

1569 1426 1701 1470 Ἄλλως.
1736 1429 1921 1479 Σύμμαχος
1955 1430 2069 1472 οὕτως·
2107 1431 2173 1468 ἀπὸ
2207 1434 2271 1468 τῶν
2307 1434 2472 1480 μελισσῶν
2509 1437 2530 1478 ἡ
2582 1426 2586 1440 ⁸

1570 1484 1748 1534 μεταφοραί.
1788 1484 1919 1531 εἰώθασι
1949 1484 2012 1535 γὰρ
2056 1487 2085 1522 οἰ
2122 1486 2349 1536 μελισσουργοὶ
2395 1488 2532 1536 ἰσχάδας

1571 1538 1836 1586 συγκεκομμένας
1872 1538 1994 1589 ῥίπτειν
2034 1544 2106 1581 ταῖς
2141 1539 2328 1588 μελίσσαις,
2361 1540 2445 1577 ἐπὰν
2482 1541 2533 1579 διὰ
2546 1557 2576 1580 20

1570 1590 1664 1640 κρύος
1684 1590 1706 1635 ἢ
1738 1595 1883 1642 χειμῶνα
1915 1592 2030 1635 ἐξιέναι
2058 1596 2257 1631 κατοκνῶσιν
2286 1596 2323 1631 ἐκ
2351 1598 2419 1632 τῶν
2454 1596 2534 1644 σίμ-

1572 1644 1671 1690 6λων,
1698 1645 1751 1682 ἵνα
1780 1646 1905 1683 ἔνδοθεν
1935 1647 2076 1684 ἐσθίωσι.
2107 1648 2266 1698 κεχήνασι
2290 1649 2325 1686 δὲ
2350 1652 2382 1686 οἱ
2418 1653 2535 1698 μασώ-

1572 1712 1673 1747 μενοι.
1704 1698 1913 1749 Ἀρίσταρχος
1939 1700 1991 1746 δὲ,
2019 1700 2068 1737 ὅτι
2093 1701 2282 1751 μασώμενοι
2316 1703 2374 1746 τὰς
2398 1704 2538 1755 ἰσχάδας

1571 1758 1642 1794 ταῖς
1678 1753 1843 1801 μελίτταις
1884 1755 2050 1806 ῥίπτουσιν
2086 1756 2108 1792 ἃ
2143 1757 2210 1798 τοῖς
2248 1757 2328 1795 ποσὶ
2359 1755 2537 1809 τρίῦουων.

1571 1806 1707 1849 Ἄλλως.
1738 1808 1850 1853 ἐπειδὴ
1880 1811 1910 1845 οἱ
1934 1810 2048 1851 παῖδες
2079 1809 2291 1861 περιτιθέντες
2318 1813 2391 1854 ταῖς
2423 1814 2540 1856 συκαῖς
2555 1834 2584 1857 :u

1574 1859 1692 1910 βόχον
1726 1861 1875 1899 εἰώθασιν
1907 1863 2022 1900 ἐσθίειν
2057 1865 2284 1913 ἐπιθυμοῦντες
2312 1868 2379 1903 τῶν
2414 1866 2538 1913 σύκων,

1571 1876 1642 1951 apra
1672 1916 1735 1952 ὑπὸ
1753 1920 1809 1952 τοῦ
1826 1917 1912 1954 πάνυ
1938 1917 2107 1968 γλίχεσθαι
2133 1918 2322 1968 κεχήνασιν.
2341 1920 2390 1970 [ἢ
2421 1921 2540 1968 οὕτως,

1571 1969 1621 2006 ὅτι
1662 1970 1752 2007 εἴωθε
1785 1971 1827 2007 τὰ
1860 1972 1975 2009 παιδία
2013 1972 2169 2016 παίζοντα
2210 1974 2278 2011 ἄνω
2312 1975 2437 2026 ῥίπτειν
2482 1977 2541 2019 τὰς

1573 2024 1710 2074 ἰσχάδας
1739 2025 1761 2070 ἢ
1793 2025 1851 2069 τὰς
1881 2029 1945 2063 τῶν
1979 2026 2122 2077 βοτρύων
2153 2031 2272 2079 ῥᾶγας,
2294 2029 2351 2066 καὶ
2382 2033 2432 2081 τῷ
2460 2032 2540 2068 στό-

1574 2093 1653 2127 ματι
1686 2079 1783 2122 αὐτὰς
1814 2081 1987 2123 κατιούσας
2013 2081 2164 2135 δέχεσθαι
2189 2082 2353 2132 χαίνοντα.
2381 2084 2404 2129 ἢ
2428 2085 2481 2122 ὅτι
2500 2085 2543 2122 τὰ
2557 2102 2586 2126 ³⁰

1574 2133 1628 2170 ἐπὶ
1660 2137 1732 2176 ταῖς
1765 2139 1879 2178 συκαῖς
1917 2140 2001 2173 σῦκα
2034 2134 2088 2173 διὰ
2121 2136 2278 2185 καλάμων
2318 2140 2541 2186 ἀποσπῶντα,

1574 2188 1732 2237 κεχηνότα
1752 2192 1856 2225 ταῦτα
1873 2189 2066 2239 ὑποδέχεται
2081 2192 2128 2241 τῷ
2146 2191 2312 2243 στόματι.]

1622 2255 1683 2280 7⁵⁶.
1710 2243 1780 2291 [νῦν
1811 2244 1862 2280 δεῖ
1887 2259 1923 2281 σε
1953 2257 1962 2282 2
1992 2243 2137 2295 Κορωνὶς
2168 2245 2225 2282 καὶ
2255 2246 2394 2290 εἴσθεσις
2419 2254 2541 2298 χοροῦ,

1574 2296 1716 2346 ἐπῳδικὴ
1754 2296 1814 2345 μὲν
1851 2298 1905 2334 διὰ
1934 2298 1972 2334 τὸ
1999 2297 2084 2346 μετὰ
2116 2300 2174 2343 ἰ-ἡν
2199 2301 2358 2350 κορωνίδα
2394 2303 2541 2339 κεῖσθαι·

1575 2351 1745 2401 μεσῳδικὴ“
1768 2352 1801 2388 δὲ
1832 2352 1946 2389 διὰτὸ
1977 2352 2048 2397 ἑξῆς
2069 2353 2255 2401 εἰσάγεσθαι
2279 2354 2393 2405 ἑτέραν
2421 2357 2543 2401 διπλῆν
2557 2374 2586 2397 σε

1573 2407 1610 2442 ἐκ
1644 2405 1763 2455 στίχων
1792 2405 1899 2450 πέντε.
1930 2402 1975 2444 ὧν
1997 2408 2027 2443 οἱ
2050 2405 2107 2455 μὲν
2138 2413 2221 2458 τρεῖς
2251 2409 2470 2460 ἅσυνάρτητοι
2508 2411 2541 2454 ἐξ

1575 2460 1729 2508 ἶαμὸικοῦ
1772 2459 1923 2511 διμέτρου
1967 2461 2199 2505 ἀκαταλήκτου
2236 2466 2293 2499 τοῦ
2333 2464 2541 2512 καλουμένου

1574 2514 1831 2564 Ἀνακρεοντείου
1855 2514 1911 2551 καὶ
1939 2518 2116 2564 τροχαῖκοῧ
2149 2517 2358 2565 ἰθυφαλλικοῦ
2385 2520 2442 2553 τοῦ
2477 2533 2543 2555 κα-

1573 2568 1729 2616 λουμένου
1761 2568 1973 2619 Ἄρχιλοχίου.
2006 2570 2154 2606 καλεῖται
2188 2569 2223 2606 δὲ
2253 2567 2543 2623 ταῖτΤᾶσυνάρ-

1573 2636 1657 2666 τητα
1694 2622 1897 2673 Εὐριπίδεια.
1930 2623 1993 2660 εἰσὶ
2031 2622 2095 2674 γὰρ
2133 2622 2231 2672 ὅμοια
2266 2627 2314 2676 τῷ
2357 2626 2543 2677 Εὐριπίδου
2557 2650 2586 2676 u

1769 2744 1841 2783 ειῑκκ
1851 2744 1927 2784 ἡνίκ’
1940 2744 2063 2782 tunm
2073 2746 2227 2786 ἐξέλαμψεν
2235 2746 2338 2787 ἀστήρ-

1575 2846 1603 2881 οἱ
1630 2843 1662 2880 δὲ
1690 2843 1762 2889 ἑξῆς
1788 2843 1845 2881 δύο
1870 2845 2018 2893 ἰαμὸικοὶ
2048 2846 2260 2896 τετράμετροι
2289 2850 2541 2894 καταληκτικοί.

1575 2892 1645 2933 εἶτα
1674 2900 1708 2934 ἐν
1737 2899 1859 2935 ἐκθέσει
1890 2900 1959 2936 ἐστὶ
1992 2900 2030 2937 τὸ
2061 2900 2182 2948 ἔθιμον,
2210 2903 2311 2947 διπλῆ
2340 2902 2543 2948 ἀνάπαιστος

1574 2952 1787 3003 τετράμετρος
1808 2954 2045 2999 καταληκτικῆ.
2069 2955 2120 3005 ὑφ’
2145 2955 2163 2993 ὃ
2187 2970 2234 2992 πα
2267 2955 2400 3007 ’γραφος
2420 2958 2543 3005 διπλῆ,

1575 3005 1631 3042 καὶ
1662 3006 1733 3051 ἑξῆς
1767 3007 1872 3056 στίχοι
1904 3007 2023 3056 ὁμοίως
2055 3009 2114 3058 ξγ’.
2144 3011 2194 3061 ἐφ’
2250 3026 2267 3046 ν
2298 3014 2346 3062 τῷ
2370 3012 2458 3049 τέλει
2488 3028 2544 3051 κο-
2562 2999 2586 3024 ‘¹

1577 3059 1695 3110 ρωνίς.]

1625 3115 1732 3151 κάλων
1772 3128 1782 3153 :
1822 3116 1992 3166 Παροιμία
2005 3146 2015 3165 ,
2053 3117 2160 3155 πάντα
2203 3118 2241 3163 δὴ
2280 3119 2390 3156 κάλων
2428 3122 2542 3160 κινεῖν.

1577 3168 1730 3213 εἴληπται
1764 3168 1798 3206 δὲ
1830 3171 1899 3219 [ἐπὶ
1928 3174 1992 3208 τῶν
2026 3171 2117 3222 πάσῃ
2152 3174 2317 3224 προθυμία
2349 3176 2533 3224 χρωμένων

1576 3226 1742 3275 παρῆκται
1771 3224 1817 3269 δὲ]
1850 3225 1915 3261 ἀπὸ
1943 3227 2008 3261 τῶν
2032 3225 2196 3262 πλεόντων
2218 3228 2274 3264 καὶ
2294 3229 2544 3277 χειμαζομένων

1749 3279 1875 3328 σχοινία
1902 3278 2077 3329 ῥιπτόντων
2109 3279 2166 3317 σὺν
2192 3284 2262 3322 ταῖς
2293 3282 2450 3332 ἀγκύραις
2487 3285 2546 3322 ἐπὶ
2564 3321 2586 3344 Β

561 3324 697 3373 δρῶντος
710 3327 763 3360 τοῦ
782 3324 896 3372 δήμου.
910 3328 931 3369 ἡ
950 3325 984 3361 δὲ
999 3324 1078 3368 πνὺξ
1095 3324 1189 3368 τόπος
1202 3326 1287 3363 ἐστὶν
1306 3328 1339 3363 ἐν
1356 3331 1383 3377 ᾡ
1402 3328 1439 3364 τὸ
1456 3343 1520 3365 πα-
1546 3318 1550 3374 ί
1578 3332 1755 3376 θάλασσαν,
1773 3332 1857 3368 ὥστε
1881 3337 1937 3369 τοῦ
1964 3333 2123 3376 κλύδωνος
2148 3335 2305 3385 ῥύσασθαι
2334 3336 2371 3372 τὸ
2399 3339 2544 3389 πλοῖσν,]

560 3378 653 3413 λαιὸν
670 3378 897 3423 ἠκκλησίαζον.

1547 3379 1553 3419 'k
1579 3386 1675 3436 φησὶν
1707 3382 1774 3432 οὖν,
1805 3387 1912 3423 πάντα
1943 3387 2024 3425 κίνει
2051 3388 2230 3439 πράγματα
2257 3390 2313 3426 καὶ
2341 3390 2449 3428 πάντα
2481 3408 2552 3441 μη-
